2926 4934
606 306 710 359 (finon
737 306 912 358 rmnmuu
1274 288 1320 384 59

191 454 195 459 ·
235 433 410 504 Caeterum
435 432 501 504 illa
522 455 615 504 mors
638 433 680 529 (si
706 455 776 503 non
798 432 842 503 ad
857 432 973 505 fatum
991 434 1178 506 referenda
1196 435 1321 508 videa·

185 581 274 677 tur),
310 583 440 677 quibus
468 583 609 655 demum
633 583 788 655 inimicis
805 582 1018 677 imputanda
1045 584 1105 672 sit,
1133 607 1253 656 nonne
1275 609 1320 656 ex

183 729 269 824 ipsis
288 728 485 802 Annalibus
505 731 647 802 abunde
664 730 811 824 liquet?
829 731 925 803 Num
943 730 1108 803 nefandis
1131 731 1264 803 Tiberii
1280 732 1318 803 in

181 876 295 949 filium
323 900 427 978 soum
446 879 626 950 mandatis
657 901 744 973 opus
765 880 809 950 ad
829 879 1046 968 vexandum,
1082 879 1153 950 imo
1179 879 1320 951 interci-

180 1008 351 1122 piendum
370 1028 634 1134 Germanicum,
651 1028 722 1102 suit
738 1031 873 1122 Pisoni,
893 1031 957 1125 qui
977 1031 1144 1118 Caesares,
1174 1036 1217 1100 ut
1231 1031 1320 1101 mul·

180 1183 256 1247 tum
276 1175 386 1267 infra,
402 1176 644 1270 despectabat,
660 1183 770 1270 utque
785 1177 918 1270 priscos
928 1175 1041 1269 patris
1058 1174 1114 1246 sui
1127 1199 1191 1270 pro
1205 1177 1318 1249 Bruto

178 1323 214 1394 et
232 1321 355 1395 Cassio
376 1324 544 1395 acerrime
558 1324 749 1430 militantis
766 1323 999 1411 adversarios,
1020 1322 1317 1395 detestabatur¹?

178 1470 305 1544 Nonne
324 1472 412 1543 satis
431 1473 587 1544 ostendit
613 1474 688 1567 ipse
712 1496 780 1567 quo
809 1472 977 1566 nequitiae
999 1478 1036 1542 et
1064 1471 1223 1544 audaciae
1241 1495 1319 1567 pro·

180 1618 262 1690 vehi
285 1618 382 1689 ultro
410 1627 540 1714 posset,
575 1618 869 1713 provincialibus,
905 1641 993 1714 quos
1025 1617 1094 1690 sibi
1127 1619 1318 1692 conciliare

179 1766 342 1839 'liberius
360 1774 396 1838 et
415 1766 646 1839 Germanicus
669 1765 873 1854 studebant,
903 1765 1138 1837 contumelias
1149 1765 1316 1860 =gratuito

182 1914 367 2009 idgerens3
402 1912 583 1988 Athenis²
613 1922 649 1986 et
675 1913 816 1986 Orienti
833 1913 1014 1984 insultans
1025 1936 1036 2002 ;
1070 1936 1167 1984 nuuc
1185 1914 1316 2007 Regem

177 2062 357 2147 Armeniis
383 2062 586 2134 volentibus
619 2087 639 2133 a
664 2062 802 2135 Caesare
835 2059 959 2131 datum
984 2059 1182 2148 destruens,
1218 2081 1317 2130 nuuc

177 2210 330 2284 alterum
359 2211 403 2281 ab
424 2210 544 2281 eodem
571 2209 701 2304 populo
720 2207 909 2302 expulsum
939 2207 1051 2278 amice
1083 2205 1310 2301 excipiens⁵;

177 2367 224 2450 et,
238 2358 378 2454 quoties
394 2358 525 2430 Caesari
541 2359 586 2428 ad
598 2358 760 2429 tribunal
776 2356 957 2444 assideret,
974 2382 991 2424 (ι
1010 2362 1113 2426 atrox
1127 2379 1167 2426 ac
1181 2356 1315 2428 dissen-

173 2509 242 2580 tire
261 2505 496 2578 manifestusl
522 2529 558 2594 »3
582 2531 664 2577 mox
687 2504 957 2577 deterrimorum
976 2503 1132 2575 militum
1152 2504 1312 2574 favorem

173 2653 264 2726 foedc
283 2652 490 2750 quarens53
525 2676 588 2746 per
610 2652 765 2746 legiones
788 2658 824 2722 ct
842 2652 959 2739 urbeS,
993 2650 1038 2720 ad
1063 2674 1153 2744 quas
1172 2674 1309 2744 compo-

171 2779 308 2873 tendas
322 2801 450 2871 missus
465 2807 555 2888 erat,
576 2799 775 2889 lasciviam,
796 2799 1003 2889 discordias,
1015 2798 1098 2870 odia
1111 2799 1309 2892 turbasque
1396 2824 1399 2829 ’

166 2968 308 3038 serena,
331 2948 484 3042 denique
503 2948 694 3042 provinciae
713 2948 869 3042 regimen
893 2971 962 3042 quo
979 2947 1150 3043 indignus
1169 2949 1215 3018 ab
1238 2971 1307 3018 om·

165 3101 274 3172 nibus
288 3098 501 3184 habebatur,
525 3095 624 3166 civili
637 3094 731 3165 bello
747 3116 853 3165 ausus
866 3093 1048 3188 repetere⁶
1061 3095 1079 3164 ‘l
1092 3095 1220 3167 Nonne
1239 3095 1307 3166 hac

162 3246 340 3319 violentia
370 3245 570 3338 Principem
606 3245 720 3338 ipsum
747 3266 845 3337 aeque
877 3266 918 3314 ac
943 3242 1120 3337 Principis
1146 3225 1304 3337 legatum

162 3393 418 3468 Germanicum
436 3392 706 3486 impugnabat?

212 3566 405 3638 Hominem
433 3564 526 3635 circa
549 3563 711 3658 publicas
736 3583 792 3634 res
819 3563 904 3634 adeo
923 3570 1060 3634 trucem
1088 3571 1124 3634 et
1151 3562 1301 3635 ferocem
1412 3661 1413 3664 Ἴ

160 3743 235 3813 quo
255 3717 398 3811 privata
418 3714 581 3785 simultas
600 3712 781 3807 impellere
801 3711 969 3802 valuerit,
991 3711 1071 3806 quis
1090 3714 1254 3784 statuet?

204 4057 209 4087 ¹
229 4057 305 4116 Anu.
321 4059 353 4132 ll,
370 4055 419 4134 Ῑ3.
796 4055 806 4087 ⁴
824 4056 898 4117 dnn.
916 4059 950 4132 ll,
965 4054 1014 4137 57.

201 4155 212 4186 ²
230 4156 264 4231 ll,
282 4153 331 4216 55.
508 4183 511 4188 ·
790 4165 805 4200 ¹⁵
823 4161 871 4223 55.

200 4259 279 4323 ³58.
334 4251 337 4256 ⁵
796 4267 873 4330 ⁶80.
