2926 4934
238 317 282 361 22
700 310 745 359 DE
772 310 895 362 TACITO
984 349 989 357 .

238 470 351 549 natos,
376 469 410 529 et
429 460 491 529 illo
512 460 710 545 incusante,
742 461 829 530 duos
849 485 893 533 ex
911 460 984 532 illis
1001 461 1243 555 Optimatibus
1262 459 1373 528 histo-

237 609 310 679 rico
337 614 456 677 nostro
487 607 724 700 gratissime,
759 607 959 702 Caepionem
992 633 1033 680 ac
1064 610 1275 696 Muraenam,
1312 605 1374 701 qui

239 756 441 849 Augustum
464 754 645 826 trucidare
675 756 830 848 aggressi
859 754 1004 828 erant¹2
1040 755 1099 826 sed
1131 779 1209 826 eam
1241 753 1374 826 Tiberii

229 878 396 998 operam,
417 910 459 973 ut
476 902 598 974 Tacito
618 903 768 974 fortasse
788 927 858 973 non
878 909 1069 996 acceptam,
1092 903 1145 972 ita
1160 926 1231 972 nou
1248 901 1375 994 impro-

240 1055 362 1123 batam
380 1049 558 1144 plerisque
587 1048 725 1120 civibus
743 1055 877 1145 putem,
913 1048 975 1143 qui
993 1049 1172 1144 publicam
1203 1048 1373 1121 securita-

240 1209 324 1287 tem,
342 1221 412 1269 uno
430 1195 671 1290 imperitante,
694 1220 802 1290 quam
820 1222 837 1264 r
854 1158 1033 1268 libertatis
1045 1196 1146 1266 illam
1165 1193 1384 1288 appellatio-⁴

134 1442 137 1447 st
245 1370 376 1435 anem,
405 1345 480 1417 sine
510 1367 722 1438 corporeae
754 1341 907 1438 specie,2
924 1370 941 1412 a
975 1343 1098 1415 multis
1127 1341 1371 1431 turbantibus

241 1496 435 1567 malebant.

291 1640 410 1714 Armis
432 1640 520 1713 'vero
554 1663 729 1712 successor
757 1641 912 1735 Augusti
949 1641 1035 1714 adeo
1069 1640 1303 1731 inclaruerat,
1337 1650 1379 1713 ut

243 1813 324 1861 eum
357 1815 374 1857 r
396 1794 594 1882 spectatum
612 1787 705 1858 bello
727 1814 744 1856 a
772 1784 923 1860 'Tacitus
943 1812 1072 1883 negare
1092 1810 1163 1859 non
1180 1788 1336 1883 potuerit
1346 1786 1374 1877 5,

245 1938 305 2010 sed
333 1936 526 2008 militarem
551 1934 653 2006 illam
671 1934 815 2006 laudem
844 1934 972 2006 callide
990 1935 1165 2008 destruit:
1202 1943 1265 2007 aut
1284 1936 1377 2008 enim

243 2074 391 2157 'Asinius
409 2081 533 2155 Gallus
554 2084 597 2154 ab
612 2107 651 2154 eo
667 2081 863 2172 inducitur,
885 2081 923 2154 in
941 2089 1081 2173 senatu,
1117 2107 1179 2178 per
1200 2084 1377 2156 adulatio·

246 2257 339 2323 nem,
362 2231 543 2304 Tiberium
558 2230 788 2302 victoriarum
804 2253 947 2302 suarum
965 2229 1176 2304 admonensl
1195 2255 1204 2321 3
1230 2240 1292 2304 aut
1305 2234 1380 2329 ipse

245 2381 414 2474 Princeps
431 2402 495 2450 sua
513 2377 551 2449 in
571 2377 792 2472 profligando
812 2378 901 2450 duee
917 2379 1124 2468 Suanorum,
1145 2379 1377 2472 Maroboduo,

247 2525 396 2598 consilia
416 2522 609 2614 efferens53
643 2525 696 2596 ita
714 2532 756 2596 ut
775 2525 893 2596 minus
920 2526 1053 2600 Tiberii
1079 2528 1217 2599 bellicae
1238 2531 1381 2622 agnosci

248 2674 401 2744 virtutes
412 2671 604 2742 videantur
618 2694 726 2766 quam
742 2672 948 2765 arrogantia
964 2673 1147 2744 ostentari.
1164 2674 1230 2745 llle
1244 2681 1379 2762 tamen,

153 2825 155 2829 ’
249 2819 419 2891 Armenia
437 2826 580 2914 pacata,
608 2817 726 2891 Crassi
744 2819 895 2914 receptis
912 2819 1035 2913 signis
1057 2828 1216 2916 protecta
1235 2823 1273 2894 in
1292 2822 1383 2895 Bar-

248 2971 416 3040 barorum
445 2967 608 3038 incursus
628 2963 760 3056 Gallia,
797 2966 953 3037 subactis
974 2967 1119 3060 Alpium
1138 2975 1174 3039 et
1192 2941 1384 3041 Dalmatiae

250 3118 428 3212 gentibus,
463 3115 643 3188 collocatis
662 3115 744 3188 dein
766 3114 810 3186 ad
829 3115 993 3187 Rhenum
1012 3116 1253 3210 quadraginta
1272 3117 1383 3189 milli-

248 3267 316 3336 bus
336 3259 604 3352 Germanorum,
621 3285 732 3356 quum
743 3259 820 3352 jam
837 3261 983 3332 summis
1002 3262 1130 3356 prioris
1149 3263 1217 3335 aevi
1231 3264 1386 3358 Impera-

251 3411 400 3500 toribus,
423 3408 582 3480 omnium
595 3409 772 3504 opinione,
794 3416 1008 3503 aequaretur,
1021 3433 1103 3480 mox
1118 3409 1384 3482 totiusPanno-

252 3557 320 3630 niae
339 3556 500 3652 populos,
518 3554 603 3644 situ,
621 3551 825 3646 juventutis
843 3554 1088 3643 multitudine,
1106 3554 1262 3627 militum
1278 3557 1387 3629 etiam

252 3703 455 3799 disciplina,
476 3700 732 3792 formidandos,
763 3725 804 3772 ao
820 3701 1035 3772 rebellantes
1055 3725 1135 3773 oum
1158 3702 1298 3798 ingenti
1317 3705 1386 3776 Ro-

253 3874 439 3923 manorum
457 3856 555 3920 metu
576 3872 687 3943 nuper
707 3847 868 3918 Variana
884 3847 984 3918 clade
1009 3849 1264 3942 perculsorum,
1282 3852 1389 3922 trien-

301 4100 307 4130 ⁸
326 4098 464 4159 Suetonii
485 4095 628 4170 Tiberius,
640 4092 719 4181 llll.
892 4091 995 4152 ‘Aua
1012 4095 1032 4165 l,
1055 4114 1098 4155 12.

298 4208 356 4267 ²l.
371 4208 397 4266 J.
414 4207 533 4267 Caesare
546 4203 668 4271 dietum,
894 4201 904 4236 ⁵
920 4201 995 4265 Anu
1012 4201 1045 4274 ll,
1063 4198 1111 4272 ab,
1126 4201 1185 4264 63.Ι
1230 4227 1234 4234 ’

299 4315 309 4345 ⁵
326 4313 401 4379 Anu.
418 4308 482 4388 1,.Ῑ,
