2926 4934
276 293 323 365 68
748 314 795 367 on
818 306 944 368 mono

276 464 367 533 cam,
398 441 544 537 oblique·
567 465 607 514 ac
630 443 752 537 procul
776 443 958 534 ostendat3
985 443 1044 515 sed
1070 440 1214 538 propius
1239 451 1276 513 et
1297 458 1431 537 quam·

276 586 499 660 viridissime
518 589 630 661 oculis
644 589 788 683 subjicit
804 591 1050 684 ingruentium
1074 597 1318 661 accusatorum
1344 612 1408 661 nu-

270 754 424 824 merum,
447 735 689 824 ambitionem,
707 735 815 807 vilem
833 744 962 828 ortum,
985 737 1070 808 etsi
1084 758 1156 831 qua
1176 737 1211 806 in
1231 736 1312 808 illos
1331 733 1407 828 jaci

272 888 421 975 possunt
449 905 457 954 :
487 904 569 954 mox
595 904 694 953 reum
721 881 919 954 desolatum
947 882 1093 978 publica
1119 882 1269 976 ignaria
1275 907 1285 972 3
1315 905 1407 976 saepe

271 1025 384 1122 ipsius
413 1028 592 1124 Principis
619 1028 724 1100 vultu
753 1031 899 1103 obscuro
930 1029 987 1102 vel
1014 1031 1120 1119 truci,
1153 1054 1195 1101 ac
1222 1052 1308 1101 voce
1327 1028 1407 1121 jam

271 1207 477 1281 oppressum
484 1211 495 1277 ;
524 1186 609 1258 hinc
628 1186 861 1281 superaddita
879 1185 1030 1258 crimina
1050 1210 1127 1281 quae
1148 1185 1407 1279 objactantiam

269 1333 328 1406 rel
350 1334 592 1406 adulationem
607 1335 666 1407 vel
687 1334 768 1407 odia
784 1341 978 1425 testentur3
996 1334 1149 1430 denique
1157 1334 1320 1428 judicum
1330 1358 1407 1407 sen·

269 1481 416 1572 tentiae,
438 1505 668 1577 quaecumque
687 1483 805 1554 animo
824 1482 882 1554 vel
898 1483 1028 1553 immiti
1046 1506 1130 1575 erga
1145 1447 1326 1573 miserum,
1347 1484 1406 1555 vel

271 1628 394 1700 servili
413 1650 498 1723 erga
517 1629 690 1702 Caesarem
713 1630 814 1701 foedae
834 1630 1060 1702 exstiterunt.
1082 1630 1143 1718 At,
1165 1654 1243 1724 quse
1259 1629 1407 1700 fuerant

269 1779 463 1872 prouinciae
476 1778 674 1851 vindictam
693 1778 915 1874 exposcentis
934 1779 1042 1868 maia,
1065 1785 1200 1873 quanto
1219 1777 1354 1870 gaudio
1366 1798 1407 1849 se

268 1924 450 1999 defensam
478 1927 640 2020 senserit,
669 1927 756 2023 quid
783 1926 959 2039 profuerit
986 1927 1025 1998 in
1054 1934 1234 2021 posterum
1254 1925 1406 1998 Caesaris

269 2073 452 2164 severitas,
475 2075 630 2147 Annales
648 2098 777 2170 parum
796 2081 936 2146 curant.

318 2221 481 2315 Insignia
500 2220 629 2293 talium
659 2221 908 2293 narrationum
937 2221 1100 2316 exempla
1122 2244 1233 2317 quum
1248 2223 1405 2317 plurima

269 2390 455 2463 excerpere
477 2368 514 2439 in
532 2375 700 2462 promptu
718 2368 776 2458 sit,
796 2390 909 2439 unum
928 2367 1119 2461 proferam,
1142 2390 1268 2462 nempe
1290 2368 1406 2441 Silani

265 2513 456 2608 judicium,
478 2537 584 2610 quem
608 2513 696 2587 Asia
714 2523 792 2586 tum
811 2514 1105 2609 repetundarum,
1138 2521 1215 2586 tum
1241 2515 1401 2606 saevitiae,

270 2661 511 2755 postulabat¹.
545 2663 690 2735 Tacitus
718 2661 831 2757 primo
855 2685 968 2732 unum
998 2685 1042 2733 ex
1068 2660 1333 2732 accusatoribus
1363 2666 1406 2731 ut

271 2815 428 2880 veterem
456 2807 533 2880 ludi
560 2809 730 2881 litterarii
751 2809 974 2904 magistrum,
999 2809 1109 2880 alium
1128 2816 1170 2880 ut
1188 2808 1406 2881 clarescendi

271 2953 377 3026 nimis
402 2977 604 3050 properum,
629 2956 780 3028 irridet:
814 2955 896 3028 inde
926 2955 1086 3028 Silanum
1107 2955 1308 3046 miseratur,
1342 2956 1406 3052 qui

270 3098 535 3172 facundissimis
558 3100 653 3174 Asia
672 3101 861 3173 causidicis
879 3101 1088 3195 respondere
1105 3110 1289 3195 cogeretur
1309 3129 1326 3172 (ι
1349 3126 1407 3175 so-

274 3249 382 3341 «lus,
419 3249 546 3322 orandi
571 3250 721 3340 nescius,
755 3251 898 3345 proprio
931 3250 968 3321 in
1001 3258 1100 3323 metu
1123 3251 1185 3347 qui
1210 3251 1405 3323 exercitam

275 3422 293 3465 ι(
314 3418 454 3492 quoque
472 3395 713 3490 eloquentiam
731 3395 898 3467 debilitat
918 3421 936 3464 n
945 3418 956 3485 3
978 3394 1094 3490 ipsum
1120 3397 1274 3491 denique
1298 3398 1404 3471 ribe-

270 3543 366 3614 rium
385 3542 525 3657 inducit
541 3544 706 3615 atrociter
721 3543 1013 3637 interrogantem,
1036 3543 1205 3638 additque
1230 3566 1238 3616 ε
1266 3571 1284 3614 a
1305 3544 1405 3640 Saepe

276 3714 293 3757 a
315 3689 423 3761 etiam
449 3696 527 3761 erat
551 3687 801 3777 confitendum,
823 3711 868 3759 ne
886 3686 1021 3759 frustra
1043 3686 1264 3783 quaesivisset
1280 3716 1315 3781 a,
1342 3698 1405 3786 pc·

271 3836 374 3910 rinde
387 3836 488 3934 quasi
506 3858 587 3908 reus
600 3834 645 3905 iis
660 3833 937 3906 confessionibus
951 3858 988 3907 se
1000 3838 1158 3929 gratuito
1176 3838 1401 3932 perdidisset,

220 3966 223 3971 ⁴
271 3984 342 4060 nisi
355 3990 504 4080 urgente
521 3962 749 4057 conscientia.
768 3983 943 4054 Memorat
956 4007 1095 4078 quoque
1113 3986 1402 4059 narrator'libel·

313 4284 319 4315 ¹
338 4283 413 4345 nnn.
431 4283 478 4360 ru,
494 4281 544 4344 ea
