2926 4934
223 265 262 313 12
654 264 727 321 ,nn
752 261 877 314 uncino

121 443 126 452 .
216 390 339 480 eadee,
361 412 424 482 per
443 387 666 482 sangninem,
688 411 751 481 per
773 386 942 473 libidines
960 412 1004 461 ac
1027 379 1144 459 sordeo
1168 389 1296 461 sensim
1311 398 1347 461 ct

218 537 409 632 composito
428 537 624 631 delapsum,
642 536 754 608 donec
770 535 990 629 propositum
1006 536 1174 630 nequitiae
1187 560 1228 609 ac
1246 537 1347 608 dedc-

217 685 307 758 coris
323 684 428 758 finem
457 683 670 778 contigerit,
707 705 818 776 usqne
836 690 957 753 tamen
978 683 1033 755 sui
1054 690 1260 777 compotem,
1285 690 1348 755 nco
1382 776 1385 782 Ι

215 836 255 906 in
285 834 360 906 ima
394 832 537 927 quidem
568 832 633 904 illa
657 831 741 907 faece
760 855 869 927 quam
906 830 1037 903 maluit
1068 855 1109 902 ac
1137 830 1345 920 destinavit,

217 982 347 1054 mentis
364 979 506 1057 ,viribus
527 985 562 1050 et
579 979 694 1051 'animi
712 977 991 1051 roborcomninc
1011 978 1223 1051 destitutum
1233 1002 1243 1067 3
1264 939 1353 1049 tune
1414 1018 1417 1022 -

216 1127 366 1222 paulum
400 1127 605 1218 ⁴intelligere
637 1126 783 1221 emperie
813 1125 931 1220 qualia
954 1125 993 1197 in
1028 1149 1088 1199 sex
1115 1125 1190 1196 illis
1226 1124 1351 1218 primis

216 1274 413 1347 Annalium
431 1267 533 1346 libris
554 1279 726 1365 appareat
742 1270 915 1343 Tiberius.

266 1421 337 1511 nui
356 1421 501 1511 scilicet,
532 1419 774 1514 principatum
801 1442 864 1512 per
892 1421 1059 1491 uxorium
1084 1420 1197 1491 Liviae
1226 1383 1351 1490 matris

219 1571 393 1646 ambitum
411 1576 452 1641 et
465 1567 569 1641 senili
590 1567 779 1662 adoptione
794 1574 973 1661 assecutus
986 1566 1011 1656 ¹,
1033 1575 1077 1640 nt
1089 1567 1260 1661 populum
1272 1589 1352 1659 pee-

152 1795 155 1801 ,
218 1720 304 1794 sime
324 1717 371 1791 de.
385 1717 453 1794 tali
472 1723 605 1791 rectore
625 1713 869 1799 ominantcm²
886 1716 955 1795 sibi
975 1715 1152 1805 conciliet,
1168 1715 1353 1795 liberalem

220 1864 482 1958 aliquantisper
502 1865 661 1943 animum
682 1872 850 1955 ostentat,
874 1866 934 1937 sed
950 1888 1031 1945 curn
1050 1863 1239 1957 paulatim,
1267 1863 1354 1957 glis„

223 2017 324 2101 cente
336 2011 510 2105 potentia,
533 2012 659 2097 exuit:
689 2011 843 2105 primum
863 2013 1012 2107 quidem⁴
1021 2012 1137 2106 legem
1156 2009 1356 2102 majestatie

115 2244 129 2267 .
218 2156 382 2253 irrepere
395 2156 493 2248 sinit,
530 2181 602 2252 qna
621 2145 703 2229 mox
729 2158 950 2248 desaeviat53
983 2159 1154 2231 Libonem
1181 2159 1357 2246 Drusum,

220 2305 464 2402 improvidum.
478 2312 515 2377 et
531 2304 673 2377 facilem
694 2306 861 2385 inanibus
881 2305 1068 2415 juvenem,
1095 2306 1199 2399 quani
1217 2328 1272 2385 res
1289 2330 1354 2384 nc*

221 2477 286 2531 uas
315 2453 521 2542 moliretur,
567 2452 791 2545 subvertit⁴;
826 2453 914 2529 dein.
939 2438 1102 2535 invisum.
1128 2454 1172 2525 ab
1204 2453 1356 2546 glatiem

223 2601 423 2697 populoque
455 2599 647 2695 gratiorem
683 2598 932 2678 Germanicum
965 2598 1004 2670 in
1048 2598 1257 2688 Orientem,
1292 2621 1358 2691 per

141 2817 145 2826 ,
223 2746 376 2845 speciem
392 2771 448 2823 res
466 2747 543 2819 illic
561 2753 675 2823 motae
706 2747 956 2840 componendi,
976 2754 1128 2834 amovet,
1164 2745 1276 2827 atroci
1294 2744 1354 2824 Pi-

224 2895 319 2965 sonis
338 2894 417 2966 odio
432 2893 622 2987 objiciens5
636 2918 646 2983 3
665 2918 748 2989 ergo.
762 2895 1012 2984 Germanicus,
1029 2901 1129 2965 ratus
1143 2917 1179 2965 ec
1193 2917 1214 2964 a
1226 2892 1359 2975 Pisone

227 3063 403 3115 uenenum
440 3041 633 3157 accepisse,
663 3049 865 3137 metumque
898 3065 943 3115 ex
973 3040 1112 3121 Tiberio
1146 3038 1351 3126 ostendere,

224 3187 420 3267 miserrime
438 3185 728 3281 exstinguitnr⁶z
759 3187 895 3282 gaudet
912 3208 995 3261 vero
1015 3194 1177 3281 patruus,
1199 3184 1363 3277 dumque
1412 3166 1415 3172 ¹

227 3333 272 3409 ad
313 3333 560 3429 excipiendam
596 3357 675 3405 curn
717 3333 878 3419 defuncti
907 3333 1085 3415 cineribus
1119 3305 1356 3425 Agrippi-‚nain

225 3489 341 3567 ruunt,
373 3503 509 3570 carnee,
539 3481 612 3575 ipsc
638 3480 781 3574 publico
806 3479 938 3568 caen,
972 3481 1008 3553 in
1036 3480 1169 3557 civium
1201 3479 1355 3562 dolorem

143 3628 146 3634 ’
226 3652 288 3723 per
329 3627 483 3702 edictum
518 3602 705 3722 erumpit,
750 3627 970 3720 honoresque
1007 3627 1045 3707 in
1077 3626 1202 3697 lilium
1251 3648 1356 3711 snum

269 3933 451 4011 'An11.l,7.
861 3895 960 3993 ⁵'Ann
977 3928 1012 4003 ll,
1025 3925 1073 4007 dd.
1165 4014 1167 4020 Ι

256 4041 279 4125 ᾖ
295 4067 323 4118 a.
862 4035 872 4064 ⁶
887 4034 937 4114 69,
953 4054 1001 4113 72.

268 4147 279 4178 ³
296 4166 345 4225 72,
361 4146 410 4224 73.
862 4143 871 4173 ⁷
889 4143 937 4216 lll,
953 4137 981 4200 5.

269 4251 279 4283 ⁴
296 4254 395 4332 ll,‚27.
