2918 4920
1267 309 1306 337 νιν

591 332 695 384 Cluen
720 332 896 384 TIBERIUM
1262 339 1305 383 3-3

112 559 116 565 ,
141 540 144 545 «
167 490 300 556 temere
319 482 568 556 detestandum
589 489 788 556 statuamus
812 506 885 556 esse
913 482 1174 577 Principatum,
1201 506 1306 578 quem

108 634 112 642 '
165 636 243 702 tam
266 631 408 702 nefaria
432 600 695 739 facinorasint
728 630 924 727 auspicata.
965 630 1176 702 Confirmem
1210 631 1308 724 equi-

166 776 247 850 dem
275 777 380 848 nulla
409 777 448 848 in
480 775 681 850 Germanici
710 779 823 850 vitam
854 778 940 849 data
966 777 1088 849 Pisoni
1117 777 1302 867 mandata,

165 925 459 1020 veneficiumque,
482 925 512 996 si
533 926 620 1019 quid
644 926 717 997 tale
736 925 858 1015 fuerit,
892 925 976 996 solis
993 925 1116 996 Pisoni
1137 949 1178 995 ac
1192 924 1304 996 Plan-

166 1074 254 1146 cinae
277 1073 383 1146 uxori
409 1054 684 1168 iinputandum3
711 1082 894 1168 praeterea,
928 1096 1048 1145 necem
1071 1073 1211 1145 Pisonis
1230 1097 1304 1144 om-

163 1220 249 1293 nino
278 1220 525 1292 voluntariam
553 1221 675 1292 fuisse.
700 1220 787 1307 Qua
807 1227 936 1292 cuncta
966 1219 1129 1314 protinus
1156 1219 1303 1290 demon-

163 1378 278 1442 strare
293 1369 494 1464 aggrediar,
511 1369 556 1440 iis
570 1368 679 1440 nixus
698 1391 775 1463 quae
795 1368 889 1462 apud
902 1373 1045 1445 caeteros
1062 1367 1247 1438 historicos
1268 1373 1303 1437 ct

160 1506 361 1611 prasertim
381 1516 476 1611 apud
494 1516 610 1611 ipsum
624 1515 789 1588 Tacitum
807 1512 1048 1609 reperiuntur.

208 1713 374 1784 Primum
411 1721 529 1784 autem
565 1735 652 1782 num
685 1709 894 1782 crediderim
924 1707 1174 1781 Germanicum
1196 1710 1302 1781 'illius

165 1861 284 1957 patrui
304 1826 431 1932 fraude
448 1861 697 1953 interceptum,
717 1860 778 1954 qui
798 1839 968 1948 Drdsum,
985 1865 1123 1952 patrem
1144 1855 1302 1949 ejusdem

162 2007 379 2096 Germanioi,
410 2015 485 2077 tam
517 2005 579 2100 pia
608 2006 769 2076 coluerat
800 2003 986 2074 amicitia?
1022 2005 1068 2074 Et
1099 1980 1301 2074 Germanici

159 2165 289 2245 mater,
313 2155 485 2244 Antonia,
508 2179 587 2251 quae
605 2155 643 2224 in
661 2153 802 2225 Palatio
828 2153 923 2248 apud
941 2152 1143 2249 Principem
1167 2177 1302 2260 semper

157 2269 269 2389 uixit,
292 2310 328 2374 et
347 2327 438 2397 quae,
461 2310 502 2393 ut
519 2310 646 2392 mater,
664 2301 819 2373 maxime
833 2300 1020 2396 perspicax
1037 2308 1140 2389 esset,
1158 2325 1245 2371 num
1262 2272 1301 2372 in

158 2453 263 2557 domo
284 2452 523 2524 interfectoris
543 2446 807 2524 consenuisset?
833 2476 950 2523 nonne
972 2450 1172 2546 refugisset,
1194 2452 1299 2522 illum

158 2601 347 2696 hominum
375 2599 465 2671 odiis
493 2607 529 2671 et
557 2601 713 2671 Deorum
744 2600 806 2669 ira
830 2597 1035 2669 devovens?
1057 2597 1182 2692 Atqui,
1214 2598 1299 2669 dum

159 2746 320 2841 plurima
344 2755 468 2819 contra
496 2748 601 2819 illum
628 2748 769 2818 audiret
805 2747 964 2843 quotidie
982 2745 1128 2839 jactari,
1167 2746 1300 2818 mansit

159 2892 298 2995 hospes
335 2893 468 2965 mansit
494 2894 738 2964 amicissima:
765 2895 833 2963 imo
852 2893 953 2964 illius
978 2895 1075 2984 vita,
1108 2893 1207 2965 illius
1235 2918 1299 2988 po-

159 3041 282 3112 tentiae
304 3040 361 3138 (ut
386 3065 494 3136 supra
516 3040 725 3138 memorari)
736 3099 747 3132 ,
775 3050 939 3114 accurate
961 3042 1183 3137 invigilavit,
1221 3064 1300 3111 con·

162 3188 276 3261 suluit
290 3191 297 3260 1

208 3390 299 3460 Eam
336 3395 506 3482 praterea
532 3386 644 3480 ipsius
675 3386 877 3459 Germanici
906 3386 1075 3475 indolem,
1105 3409 1186 3459 eum
1212 3409 1298 3479 erga

162 3538 343 3610 Tiberium
359 3561 380 3607 a
399 3534 674 3629 quoadoptatus
688 3541 778 3621 erat,
798 3532 970 3622 animum,
986 3557 1066 3604 cam
1085 3533 1129 3603 do
1141 3534 1298 3628 regenda

165 3685 345 3779 republica
366 3681 579 3755 sententiam
601 3681 711 3754 fuisse
728 3681 983 3770 contenderim,
1001 3689 1044 3752 ut
1061 3680 1183 3753 virere
1195 3681 1298 3774 juve·

167 3854 243 3903 nem
261 3856 333 3902 non
352 3831 454 3902 modo
473 3830 753 3924 haudquaquam
772 3828 828 3900 illi
848 3852 973 3901 nocere
992 3836 1120 3922 posset,
1149 3830 1210 3901 sed
1234 3831 1295 3902 im-

170 3978 286 4071 primis
304 3979 499 4074 expediret.
522 3980 628 4067 Nam,
650 3979 735 4050 licet
751 3976 861 4050 Drusi
878 3977 973 4051 filius
987 3979 1142 4051 creditus
1159 3980 1219 4070 sit,
1240 4005 1297 4074 pe-

173 4125 265 4198 rinde
285 4134 452 4221 a'c'pater,
482 4128 683 4198 libertatern
715 4127 917 4197 redditurus
945 4128 972 4197 si
994 4152 1152 4220 siliquam
1176 4153 1294 4198 rernm

176 4275 301 4365 potitus-
319 4276 457 4365 fuisset,
482 4276 624 4349 videtur
642 4283 764 4347 tamen-
780 4275 1008 4369 Principatus
1026 4277 1176 4351 arrian
1197 4277 1293 4348 haurd
