2926 4934
170 288 213 378 δέ’,
640 318 686 366 nn
712 315 837 366 marro

169 442 321 535 abrupta
339 462 379 513 ao
399 440 516 529 devia,
546 441 637 511 olam
661 439 883 535 erepsisset¹.
917 442 990 514 Nee
1017 464 1100 512 vero
1124 441 1303 513 immerito

169 587 370 660 fauentium
400 587 602 661 Germanioi
627 587 749 660 liberis
771 587 891 659 studia
917 586 1147 678 formidabat,
1175 611 1302 682 quum,

169 733 284 806 missis
302 734 341 807 in
368 759 426 808 eos
445 735 645 824 minacibus
661 735 804 825 litteris,
832 734 978 808 Curiam
1000 735 1122 807 statim
1149 735 1304 807 eircum-

167 883 353 957 fremuerit
371 861 496 957 seditio
512 891 549 956 et
573 905 670 956 nova
688 884 836 956 Patrum
852 883 1015 956 consulta
1032 885 1195 977 protinus
1221 909 1304 956 eru-

166 1030 324 1128 perint2.

218 1351 286 1424 Sed
317 1352 361 1424 ad
390 1376 567 1425 summum
585 1377 675 1448 pene
698 1355 811 1426 erevit
842 1352 1013 1425 continua
1035 1352 1101 1425 illa
1123 1351 1300 1440 anxietas,

168 1522 279 1592 quum
304 1501 456 1572 Tuscum
480 1499 584 1573 illum
606 1501 774 1595 equitem,
793 1501 1030 1572 necessarium
1048 1499 1117 1570 sibi
1133 1499 1304 1570 aduersus

170 1649 358 1720 acerrimos
398 1648 515 1720 hostes
554 1648 827 1739 auxiliatorem,
850 1673 954 1743 quem
990 1648 1120 1737 fidum,
1150 1648 1303 1743 propria

169 1797 295 1867 saltem
309 1795 486 1869 'utilitatis
511 1804 684 1891 respectu,
714 1805 932 1891 speraverat,
963 1821 1018 1870 res
1046 1819 1158 1867 novas
1176 1796 1302 1888 *moliri

167 1945 346 2038 regnavit.
375 1945 445 2018 Hie
460 1969 531 2018 non
547 1945 633 2017 satis
652 1945 853 2018 desiderare
866 1970 968 2041 queo,
993 1946 1038 2018 ad
1059 1944 1303 2018 demonstran-

167 2095 250 2165 dam
269 2083 457 2167 ueritatem
481 2119 553 2189 qua
572 2095 704 2167 nititur
721 2095 787 2167 hoo
813 2102 973 2166 nostrum
990 2095 1212 2190 opuseulum,
1240 2097 1301 2168 de-

166 2266 239 2315 esse
264 2242 455 2314 Annalibus
472 2248 611 2337 partem
628 2241 742 2336 ipsam
761 2242 876 2334 illam,
899 2241 1025 2338 inqua
1043 2244 1200 2336 profecto
1230 2264 1301 2317 non

165 2391 271 2463 facile
291 2389 510 2463 dissimulari
533 2398 686 2485 poterat,
710 2414 817 2486 quam
835 2390 874 2462 in
898 2390 1102 2471 lubriooae
1124 2392 1301 2486 praeoipiti

164 2539 276 2634 egerit
292 2539 468 2630 Tiberius,
490 2562 597 2634 quam
612 2537 787 2633 precaria,
806 2562 915 2634 quam
934 2500 1134 2634 opportuna
1159 2539 1303 2612 insidiis

163 2689 274 2761 fuerit
302 2711 344 2761 ea
372 2687 642 2783 omnipotentia.

213 2837 376 2910 Patlidus
402 2837 665 2932 opperiebatur,
699 2834 874 2941 altissima
900 2836 944 2908 de
969 2836 1096 2908 insulae
1119 2860 1191 2909 sua
1212 2861 1301 2932 rupe

165 2993 315 3079 pontum
341 2994 377 3060 et
395 2988 439 3058 ab
462 2986 560 3059 Urbe
581 3008 706 3058 arsura
733 2987 836 3080 signa
865 2993 1106 3081 prospectam,
1140 2986 1214 3058 Rex
1239 2985 1301 3057 ille

164 3131 394 3227 Caprearum,
421 3131 497 3225 jam
514 3133 647 3228 aptatis
663 3131 708 3203 ad
726 3131 850 3226 fugam
866 3132 1032 3221 navibuS,
1055 3132 1085 3202 si
1104 3132 1222 3204 Roma
1237 3133 1300 3204 do-

160 3281 371 3353 minatorem
391 3308 407 3350 «
429 3282 579 3353 verbosa
597 3279 663 3351 illa
682 3286 718 3352 et
733 3279 878 3374 grandis
897 3279 1047 3374 epistola
1069 3307 1102 3370 a,
1120 3280 1300 3352 Macronis

162 3428 252 3499 dolis
262 3427 399 3520 adjuta,
412 3428 620 3543 subvertere
634 3451 706 3500 non
720 3425 938 3500 evaluisset⁵
952 3452 960 3499 :
973 3426 1130 3519 jusserat
1138 3428 1295 3522 insuper,
1334 3444 1339 3455 ‘

162 3577 191 3646 si
211 3599 310 3648 arma
325 3577 368 3647 ab
385 3573 513 3668 Sejano
530 3583 770 3666 tentarentur,
784 3582 984 3648 extractum
993 3576 1154 3649 custodia
1164 3577 1298 3648 Palatii

161 3722 199 3792 in
231 3745 299 3816 quo
336 3719 570 3810 attinebatur,
607 3722 782 3810 Drusum,
818 3729 980 3816 nepotem
1008 3747 1132 3812 suum,
1167 3725 1297 3818 populo

162 3869 286 3943 ducem
316 3871 459 3945 offerri:
483 3871 667 3964 ambiguos
687 3870 797 3964 igitur
823 3874 973 3945 eventus
996 3870 1072 3964 ejus
1094 3875 1298 3947 certaminis

205 4183 313 4243 'Suet
328 4184 389 4246 LX.
707 4278 710 4285 Ι
803 4184 913 4249 ³Suet.
944 4184 1011 4247 Tu.
1047 4186 1136 4250 LXV.
1177 4225 1202 4235 ——
1235 4187 1293 4252 itio

205 4287 215 4319 ²
231 4289 305 4351 Anu.
323 4289 358 4365 V,
373 4288 402 4368 4.
763 4292 847 4354 Casa.
862 4293 964 4355 LVIH.
981 4306 984 4313 '
1269 4310 1273 4321 '
