2926 4934
236 262 278 341 at
697 281 739 329 nu
765 278 889 329 neuin.)

234 404 399 475 duxisse:
423 405 526 477 illurn
545 406 695 479 enimin
714 406 851 477 erebris
880 405 1038 498 epistolis
1058 427 1129 474 nnn
1148 405 1249 475 ruodo
1272 401 1367 494 eju-

234 550 489 652 cundissimum
508 560 545 623 et
561 551 770 633 fidissimum
787 577 820 642 r,
840 550 903 641 sed
922 549 1031 643 etiam
1047 575 1065 618 r
1081 549 1231 625 urinum·
1241 549 1376 643 pepuli·

234 697 439 795 praesidium
457 723 476 767 >›
507 705 625 788 vocat,
650 722 801 793 eumque
832 721 947 771 «asa
974 679 1138 792 adoptari
1159 697 1369 792 reipublicae

235 868 343 921 eausa
361 870 381 913 r
407 843 561 936 juravit.
590 846 740 919 Minime
768 846 926 940 profecte
952 845 1129 940 asperiore
1155 853 1191 916 et
1218 847 1374 923 obseura

236 991 369 1073 Tiberii
382 991 502 1093 iudeis
515 991 684 1067 delectari
703 1000 843 1089 poteret
860 993 1027 1088 princeps
1046 993 1150 1086 longe
1169 991 1371 1082 dissimilis,¹

237 1140 299 1242 qut
317 1139 438 1237 lepida
456 1115 623 1215 eornitate
648 1141 814 1215 fallacias
841 1150 878 1214 et
895 1140 1087 1235 aliqnando
1119 1139 1376 1238 crudelitatem¹

238 1288 408 1365 obvelare
416 1286 540 1361 doetus
559 1295 676 1378 esset5
696 1289 808 1382 igitur
828 1289 903 1363 sela
922 1288 1080 1359 emnium
1106 1286 1373 1372 existimatione

239 1436 339 1535 rinei·
353 1435 472 1536 potuit
488 1443 529 1509 ut
546 1459 628 1509 eum
646 1435 715 1507 sibi
735 1436 945 1523 adscisceret
962 1458 1206 1508 suceesserenr.
1229 1434 1315 1522 Nee,
1330 1433 1373 1507 'si

239 1610 295 1659 res
315 1584 418 1663 aliter
449 1609 485 1659 se
503 1585 697 1676 habuisset,
732 1583 891 1657 Velleius
907 1584 1129 1671 Patereulus,
1165 1602 1370 1676 quanquam

241 1731 348 1805 nimis
360 1731 491 1805 effusus
505 1731 651 1823 Tiberii,
671 1731 772 1805 dueis
784 1731 868 1817 olim
883 1694 952 1819 sni,
973 1731 1151 1819 laudator,
1170 1728 1374 1813 exclamare

242 1879 491 1959 sustinuisset:
512 1881 644 1953 «Tune
662 1879 804 1953 refulsit
825 1888 922 1952 certa
940 1903 1018 1974 spes
1036 1879 1230 1950 liberorum
1248 1899 1373 1970 paren·

243 2029 352 2120 tibus,
372 2027 525 2103 dominis
543 2027 763 2122 patrimonii,
784 2029 948 2101 omnibns
965 2025 1115 2099 salutis¹
1137 2053 1170 2097 r.
1196 2024 1378 2098 Caeterum·

243 2135 450 2253 alentionem
463 2175 566 2249 illam
585 2175 631 2247 ad
649 2175 815 2249 uxorium
828 2174 1000 2256 ambitum
1018 2171 1376 2253 referendarium«.

246 2348 426 2420 quaquam
451 2330 579 2418 putet,
613 2324 774 2418 quisquis
803 2323 1006 2397 meminerit
1033 2322 1187 2415 Augusti
1219 2329 1379 2393 mentem·

246 2496 356 2567 nsque
372 2471 533 2545 validam
546 2472 647 2551 aetati
661 2471 834 2551 restitisse
851 2495 859 2543 :
875 2471 1078 2566 reipublicae
1092 2469 1235 2549 demum
1250 2490 1378 2558 eausa,
1450 2453 1458 2467 ⁹

109 2683 112 2688 .
244 2626 286 2691 ut
314 2620 389 2714 ipse
418 2619 482 2709 ait,
514 2620 696 2712 Angustus
725 2642 805 2690 eum
837 2618 945 2712 elegit
973 2642 1091 2713 quem,
1120 2624 1175 2695 tet
1199 2617 1380 2699 bellorum

244 2789 418 2854 successu,
446 2773 502 2837 tot
525 2786 649 2853 rerum·
672 2764 993 2854 administratione,
1020 2764 1173 2837 assatis
1203 2763 1377 2845 diuturna

247 2915 409 3003 laborum
419 2913 585 2986 societate
595 2918 805 3006 speetatnrrr,
815 2910 953 2997 invitus
962 2911 1376 2994 fortassevenerabatue

298 3062 415 3156 igitur
431 3058 619 3154 imperium
638 3082 710 3146 nou
728 3057 827 3133 vitiis
843 3064 906 3143 ant
925 3056 1009 3146 suis,
1034 3064 1098 3143 ant
1114 3056 1281 3150 Augusti,
1315 3058 1378 3131 sed

251 3207 455 3287 clarissimis
467 3205 810 3300 inpetriammeritis
820 3205 993 3289 debuerat
1001 3204 1163 3279 liberius
1169 3225 1180 3292 3
1195 3227 1382 3298 quumque
1413 3302 1416 3309 Ι

247 3357 325 3451 jam
333 3357 501 3451 quintum
523 3363 560 3428 et
579 3353 911 3448 quinquagesimum
927 3354 1044 3427 atatis
1058 3376 1197 3427 anre-nm:
1207 3351 1380 3444 expleris

251 3509 315 3591 set,
338 3501 401 3573 diu
427 3501 545 3575 landis
572 3509 614 3573 et.
625 3523 798 3595 prosperae
819 3501 914 3594 apud
939 3500 1122 3593 publicum
1140 3499 1244 3571 famae
1260 3499 1381 3575 illeeen.

251 3654 335 3725 bras
349 3656 522 3740 senserat,
536 3671 628 3742 quas
644 3670 748 3739 nemo
771 3669 942 3742 uuquam,
960 3653 1008 3717 ut·
1020 3646 1163 3740 quidem
1181 3670 1271 3735 rear,
1302 3670 1381 3740 grn-

252 3801 344 3871 tuito
365 3803 547 3869 aversatus
566 3804 630 3868 est.

302 4026 377 4117 lure
399 4021 492 4115 apud
511 4043 590 4091 eum
604 4020 807 4092 enituerunt
824 4045 890 4090 rrurr
911 4019 1155 4091 inritunrurorle
1173 4020 1226 4090 vis
1251 4012 1382 4091 bellica

299 4283 303 4313 ¹
325 4281 399 4343 Vell.
419 4282 534 4341 Patere.
561 4279 635 4341 llist.
656 4278 739 4339 llonr.
760 4278 796 4352 ll,
820 4279 884 4341 103.
