2926 4934
519 319 623 373 cinca
650 318 824 371 'nomnen
1197 285 1240 367 83

105 447 254 539 dideris,
278 448 438 520 simulati
458 451 678 546 plerumque,
702 456 737 520 et
757 448 919 520 obtentui
933 446 976 537 ad
994 444 1243 519 exsatiandam

105 593 356 668 crudelitatem
386 599 631 668 sumebantur.
670 595 737 669 Sed
763 616 871 691 quam
895 594 972 667 veri
996 595 1143 684 fuerint,
1172 603 1243 665 tes-

104 748 232 813 tantur
248 742 351 815 nimii
368 743 425 815 illi
439 743 582 815 favores
601 742 731 838 quibus
750 743 846 814 cives
873 767 983 815 novos
1006 740 1245 835 Sejanumque

105 889 174 959 sibi
193 889 427 962 mentuendos
447 888 550 962 lecit!
572 897 753 962 testantur
778 898 909 983 castra,
941 892 977 962 in
1002 891 1131 986 quibus
1155 914 1245 984 prm-

105 1037 265 1108 torianos
289 1061 369 1108 suos
389 1036 514 1131 procul
540 1061 561 1107 a
580 1036 756 1108 seditiosis
779 1036 887 1108 Urbis
911 1036 1247 1127 coetibus,‘Nomeu-

105 1195 231 1257 tanam
260 1185 304 1257 ad
332 1194 484 1280 portam,
514 1192 696 1258 vetustum
724 1194 828 1257 extra
857 1185 972 1259 Servii
991 1185 1101 1258 Tullii
1121 1210 1248 1281 pomoe-

105 1334 217 1424 rium,
254 1342 480 1429 seposuerat,
517 1342 721 1430 promptum
752 1333 790 1405 in
826 1357 1066 1430 quoscumque
1096 1334 1245 1406 rebelles

106 1483 333 1556 subsidium¹
359 1506 367 1554 :
391 1507 470 1578 quae
496 1491 618 1556 tamen
643 1491 774 1574 castre,
805 1483 900 1578 apud
925 1483 1100 1575 Tacitum,
1131 1483 1248 1558 Caesar

84 1657 87 1660 ’
107 1654 128 1701 a
149 1628 279 1721 Sejano
299 1629 481 1719 constitui,
499 1631 599 1702 nullo
611 1628 761 1721 jubente
776 1629 948 1724 periculo,
969 1631 1069 1721 sinit,
1087 1632 1248 1726 gratuita

108 1775 267 1870 profecto
300 1783 404 1848 utens
437 1775 606 1866 stultitia,
645 1800 755 1871 quum
792 1776 829 1848 id
860 1776 996 1847 roboris
1027 1776 1248 1850 Volsiniensi

113 1921 235 2016 Equiti
257 1920 300 1992 ad
321 1944 357 1993 se
376 1921 492 2016 ipsum
517 1922 761 1994 subruendum
786 1930 912 2017 sponte
928 1902 1145 2018 suppeditet!
1169 1925 1251 1997 Tes-

109 2078 212 2141 tatur
231 2071 385 2166 denique
404 2073 492 2165 fuga
511 2071 556 2143 ad
577 2071 744 2166 Capreae,
766 2064 863 2144 haud
884 2043 1078 2145 absurdea
1098 2052 1249 2145 Consule

108 2217 174 2311 qui
198 2218 400 2313 Principem
424 2221 533 2314 probe
562 2229 730 2310 noverat,
760 2221 927 2293 exsilium
956 2219 1116 2311 vocatal,
1151 2222 1249 2294 timi·

108 2365 218 2460 dique
230 2367 324 2439 circa
337 2367 469 2440 Urbem
486 2371 681 2462 regressus!

160 2515 320 2600 Quarum
347 2537 467 2586 rerum
500 2538 625 2588 causas
654 2515 803 2588 =Taeitus
832 2517 1044 2590 memoravit
1075 2517 1247 2609 diversas,
1292 2509 1295 2518 ’

108 2661 325 2758 praeeipuam
359 2661 580 2756 negligens:
613 2685 709 2734 nune
737 2663 832 2735 enim
872 2671 965 2736 artes
986 2663 1119 2756 Sejaui,
1155 2689 1250 2738 nuno

109 2811 223 2905 ipsius
243 2809 426 2904 pudorem,
453 2837 469 2878 a
491 2811 705 2882 occultantis
724 2810 851 2883 faciem
871 2812 1067 2883 ulcerosam
1084 2814 1250 2886 et‘medi-

105 2957 309 3029 caminibus
322 2957 588 3029 interstinctam
601 2955 796 3053 inculpat,
822 2966 910 3031 tunc
936 2959 992 3056 (ut
1019 2961 1246 3058 quandoque)

110 3103 230 3174 minus
252 3127 380 3197 magno
423 3103 590 3175 historico
627 3127 693 3198 par
724 3128 833 3199 quam
881 3105 1044 3202 scriptori
1073 3106 1248 3181 famosum

109 3251 275 3322 libellum
297 3250 477 3324 acuenti5.

161 3408 228 3482 Sed
261 3417 387 3500 terror,
423 3417 551 3500 terror,
574 3409 737 3506 inquam,
769 3435 850 3484 eum
883 3412 994 3508 Roma
1028 3421 1243 3507 extruserat,

112 3556 204 3627 nihil
231 3556 299 3628 nisi
325 3581 369 3628 ex
395 3564 473 3628 tuto
502 3556 714 3649 ausurum&
732 3567 846 3631 terror
866 3585 929 3656 per
947 3562 1112 3636 undecim
1129 3565 1248 3638 miser·

111 3704 210 3774 rimae
229 3704 420 3776 senectutis
439 3727 550 3776 annos
570 3707 749 3778 continuit
763 3708 858 3780 inter
873 3733 938 3780 sua
957 3733 1044 3782 saxa
1063 3714 1248 3786 tabescen-

110 3860 183 3922 tem
192 3875 201 3940 ;
239 3852 289 3922 ibi
322 3851 483 3946 pallebat
515 3840 624 3943 metu,
661 3856 690 3926 si
720 3857 800 3950 quis
825 3856 869 3928 ad
895 3857 1152 3950 ambulantem,
1186 3882 1250 3954 per

157 4170 162 4205 ¹
181 4174 238 4236 Dio
256 4173 394 4250 Cassius,
411 4174 500 4250 LVII,
521 4189 565 4254 19.
750 4176 853 4238 ὅ111111.
870 4177 986 4257 1V,57.

154 4283 256 4341 ²Ann.
274 4283 324 4357 Vl,
341 4282 390 4344 38.
539 4304 582 4337 ’κ’
751 4281 762 4312 ⁴
779 4282 862 4343 Suet.
879 4284 1021 4344 Lxxffla
1082 4370 1085 4376 .
