2926 4934
167 265 213 338 80
634 287 681 339 nn
706 287 832 340 rncnc

166 413 309 508 quidem
333 412 478 507 Imperii
497 436 623 506 praeses
646 416 790 508 penitus
809 421 1026 509 perspectam
1049 414 1179 487 habere
1197 421 1299 508 pote-

165 568 242 652 rat,
278 559 474 655 plerisque,
508 567 652 654 propter
688 561 850 656 exempla
881 561 1058 655 Augusti,
1095 560 1300 633 decennalis

166 707 413 779 tantummodo
440 707 554 779 videri
586 709 756 781 debuerat
772 707 796 780 ¹.
826 709 930 779 Hanc
952 707 1064 801 igitur
1089 731 1133 779 ex
1159 708 1299 802 integro

166 852 371 924 decertandi
392 854 609 926 occasionem
636 855 821 947 factiones,
844 879 997 950 quarum
1016 863 1204 927 creverant
1219 878 1299 950 spes

167 1005 202 1069 et
212 999 343 1089 studia,
358 998 539 1071 inhiantes
553 1007 589 1072 et
603 1000 768 1071 accinctae
779 1001 1056 1096 opperiebantur
1068 1025 1076 1073 ι
1089 999 1184 1072 hunc
1196 1001 1297 1073 Tibe·

165 1145 211 1217 rii
224 1147 410 1241 potentiae,
429 1171 536 1241 quam
550 1147 588 1219 in
603 1147 677 1220 dies
691 1148 868 1221 infensius
877 1148 1037 1240 oderant,
1055 1148 1248 1227 terminum
1259 1148 1298 1219 in

165 1299 282 1365 mente
301 1316 366 1364 sua
380 1301 583 1366 statuerant
610 1295 824 1391 quicumque
845 1295 1061 1368 reddendam
1083 1295 1300 1388 judicabant

164 1438 380 1513 libertatem.
402 1442 531 1515 Iisdem
559 1444 707 1515 stabant
730 1445 767 1514 in
791 1442 916 1515 castris
942 1443 1004 1538 qui
1032 1442 1193 1515 defuncti
1218 1406 1300 1516 Gerss

164 1588 296 1659 manici
320 1587 410 1659 filios
430 1589 474 1659 ad
492 1589 684 1685 imperium
704 1589 852 1663 adscisci
871 1589 1070 1661 volebant:
1097 1589 1165 1679 illi,
1185 1597 1299 1662 morte

163 1737 364 1833 Germanici
383 1761 422 1809 eo
440 1737 553 1832 magis
570 1738 705 1809 irritati
721 1762 790 1833 quo
809 1738 927 1809 minus
940 1735 1115 1828 juvenem⁴
1129 1762 1151 1809 a
1168 1745 1298 1833 patruo

58 1896 59 1901 ’
163 1885 272 1956 fuisse
285 1884 522 1978 interceptum
535 1885 777 1957 demonstrare
787 1893 992 1980 potuerant,
1003 1885 1126 1980 populi
1139 1885 1298 1957 favorem

164 2054 248 2125 erga
267 2031 370 2104 illam
389 2033 567 2106 familiam
589 2035 840 2108 accendebant.

163 2406 166 2411 Ι
215 2317 309 2402 Quos
323 2315 401 2408 jam
420 2339 620 2411 praegraves
639 2314 818 2409 Principis
844 2322 958 2385 metus
983 2314 1146 2386 oneravit
1170 2339 1297 2410 repen-

163 2463 242 2533 tina
261 2463 370 2534 Drusi
389 2463 454 2534 filii
473 2460 609 2553 mors23
631 2487 709 2535 eam
732 2461 827 2534 enim
852 2485 923 2533 non
944 2462 988 2533 ad
1008 2485 1108 2533 veros
1130 2461 1299 2535 interfec-

163 2618 269 2699 toreS,
297 2610 356 2680 sed
385 2610 429 2680 ad
455 2609 646 2681 factionem
673 2609 740 2680 sibi
768 2617 856 2695 tunc
880 2609 1034 2680 maxime
1057 2608 1234 2680 infensam
1263 2618 1299 2681 et

163 2757 383 2852 apertissime
402 2765 477 2829 tam
495 2765 692 2851 opportuno
711 2779 795 2828 casu
815 2763 995 2845 ovantem,
1011 2754 1108 2826 haud
1129 2756 1294 2859 absurde,

161 2903 246 2975 licet
264 2903 368 2993 falsa,
392 2903 530 2975 retulit.

212 3196 235 3270 J
238 3221 295 3268 am
321 3197 512 3297 reputabat
535 3220 582 3285 se,
611 3196 749 3268 duobus
771 3198 902 3292 ereptis
925 3197 1169 3286 munimentis,
1198 3219 1297 3293 posse

165 3343 323 3437 undique
350 3342 496 3437 propius
520 3342 661 3431 incessi,
691 3366 800 3437 quum
828 3343 943 3414 audiit
965 3343 1133 3415 laudibus
1156 3344 1294 3433 extolli,

165 3512 228 3584 per
255 3489 421 3561 historias
447 3497 535 3560 tunc
566 3490 781 3580 celebrataS,
813 3491 966 3560 Brutum
993 3497 1029 3560 et
1058 3489 1231 3580 Cassium,
1262 3500 1298 3563 et

169 3636 352 3707 «ultimos
380 3638 618 3708 Romanorum
641 3663 657 3704 a
688 3634 819 3724 vocari,
847 3635 932 3729 quia
950 3636 1089 3707 lulium
1115 3646 1295 3708 mactave-

209 3943 215 3975 ¹
233 3944 336 4005 Refert
349 3941 407 4004 Dio
424 3941 546 4004 Cassius
563 3940 702 4002 celebra·
759 3937 829 3999 talis
856 3939 977 4001 Tiberio
1003 3941 1162 4004 mandatae.
1189 3945 1295 4024 (LVll,

166 4056 211 4111 tas
233 4050 336 4125 luisse,
368 4046 481 4108 decimo
506 4052 533 4106 et
559 4046 700 4106 vicesimo
759 4041 811 4122 243
827 4044 928 4121 tuln,
945 4044 1007 4127 al.)

165 4158 257 4240 hujus
272 4157 463 4238 l‘rincipatus
480 4174 568 4230 anno,
591 4174 701 4232 quarm-
799 4148 809 4180 ²
826 4151 901 4210 dnn.
918 4151 968 4227 IV,
983 4151 1012 4229 8,
1032 4175 1076 4214 12.

168 4265 234 4323 darn
250 4263 341 4323 veluti
357 4260 579 4322 renovationem
599 4264 702 4341 poles-
