2926 4934
578 289 681 342 cruca
706 288 880 342 rmnruuu
1268 266 1288 336 a

160 414 230 488 imo
258 416 379 508 verba,
413 423 534 511 gestus
564 416 673 489 ctiam
700 424 736 489 et
762 416 918 489 incessus
948 414 1116 488 laudibus
1144 411 1291 488 extolle-

160 564 324 635 bantur:
346 562 440 658 quod
462 562 613 658 pedibus
638 562 720 652 iret,
755 561 849 657 quod
876 561 1009 634 civium
1040 561 1224 655 amplexus
1248 561 1293 633 ad

160 709 267 805 pedes
285 733 356 784 non
376 709 599 805 deprimeret,
628 710 722 806 quod
749 709 870 783 oscula
894 733 965 782 non
985 732 1095 781 manu
1116 706 1291 799 redderet,

1128 816 1155 844 s

161 858 221 931 sed
242 859 279 930 in
298 859 446 954 planum
465 858 634 948 devexus,
666 858 760 953 quod
793 857 889 931 cives
913 880 984 930 non
1010 861 1073 953 pro
1098 857 1210 930 servis
1228 855 1293 927 ha·

161 1011 272 1098 beret,
296 1006 356 1080 sed
373 1031 436 1102 pro
455 1007 671 1098 hominibus
704 1005 791 1080 adeo
811 1006 1002 1079 laetabatur
1027 973 1112 1100 gens
1135 1003 1295 1076 libertati

165 1155 311 1228 minime
341 1152 551 1244 assuefacta,
579 1161 622 1225 ut
651 1153 861 1225 mirantium
892 1152 1115 1225 alacritatem
1146 1175 1190 1222 ne
1220 1151 1295 1245 ipse

164 1300 307 1397 quidem
325 1299 490 1371 dominus
508 1298 686 1372 moderari
699 1299 836 1373 valeret
850 1299 876 1371 ¹.
898 1300 1033 1373 Rursus
1059 1299 1098 1370 in
1118 1298 1296 1371 Caesarum

164 1455 257 1536 acta,
277 1447 377 1520 nullo
397 1445 519 1519 habito
539 1445 757 1532 discrimine,
784 1446 822 1518 in
841 1452 968 1537 mores,
994 1446 1036 1517 in
1060 1453 1197 1518 statuas
1216 1445 1297 1516 vin·

163 1596 295 1669 dictam
310 1597 521 1669 exercebant
534 1593 568 1686 ²3
588 1604 675 1668 tunc
689 1595 878 1669 Suetonius
893 1593 1083 1695 Duodeoqn
1099 1594 1182 1666 illas
1204 1592 1299 1666 Vo'tos

164 1744 407 1838 componebat,
438 1742 531 1856 nihil
555 1766 627 1817 non
647 1750 811 1816 enarrato
838 1765 882 1814 ex
900 1742 946 1814 iis
965 1764 1043 1837 quae
1061 1741 1106 1815 in.
1126 1740 1296 1827 CaesareS,

163 1909 227 1980 per
244 1885 420 1958 invidiam
437 1894 500 1959 aut
517 1887 723 1979 ridiculum,
744 1890 906 1962 solebant
920 1886 1065 1980 jactari.

212 2012 505 2106 Assentationum
524 2035 667 2130 quidem
686 2012 833 2108 illarum
853 2035 1003 2108 libidine
1023 2037 1167 2110 Tacitus
1187 2035 1298 2106 haud·

168 2201 348 2275 quaquam
367 2179 631 2252 contaminatus
645 2203 681 2253 se
698 2180 839 2253 reddita
857 2181 1025 2256 libertate
1038 2183 1143 2277 longe
1160 2182 1299 2276 dignio-

167 2349 242 2400 rem
272 2327 462 2421 veriusque
494 2326 672 2398 fruentem
705 2327 885 2421 praebuit3
920 2328 1067 2400 laudum
1095 2352 1135 2400 eo
1162 2330 1301 2424 parcior

169 2496 239 2569 quo
258 2470 444 2545 effusiusa
471 2473 607 2546 caeteris
634 2474 923 2565 cumulabantur,
957 2474 1154 2547 beatissimi
1181 2475 1300 2547 saeculi

166 2629 283 2694 ortum
317 2619 616 2715 eloquentissimis
643 2620 922 2694 ominationibus
951 2622 1115 2716 prosequi
1125 2621 1153 2712 ³,
1182 2622 1300 2716 prola-

95 2794 98 2798 ·
167 2777 291 2864 tosque
310 2791 332 2840 a
352 2765 510 2860 Trajano
530 2767 675 2864 Imperii
694 2767 792 2860 fines,
818 2769 905 2840 data
929 2792 992 2864 per
1017 2768 1175 2841 Annales
1202 2792 1302 2841 occa-

168 2919 278 3008 sione,
301 2917 478 3012 gratulari
501 2926 688 3006 contentus
705 2917 783 2991 est‘¹
803 2943 810 2990 :
835 2919 896 2992 sed
915 2919 1093 2994 communi
1110 2918 1302 3014 aequalium

169 3086 313 3137 suorum
338 3063 377 3135 in
401 3063 537 3159 priores
562 3064 746 3159 Principes
766 3067 821 3137 ira
843 3089 915 3138 non
941 3066 1083 3160 corripi,
1107 3089 1171 3138 nec
1196 3065 1302 3137 mali-

169 3210 303 3304 gnitati
315 3210 502 3304 indulgere
516 3211 574 3282 cui
589 3234 724 3306 semper
737 3212 896 3307 aliquam
906 3213 1013 3285 erecti
1028 3213 1139 3285 animi
1152 3212 1302 3306 speciem

169 3361 282 3432 inesse
297 3359 372 3454 ipse
389 3359 484 3431 dixit
493 3357 522 3449 5,
534 3359 638 3452 longe
657 3360 837 3433 difficilius
855 3363 1012 3436 habebat
1022 3386 1033 3453 3
1053 3361 1184 3456 quippe
1198 3361 1304 3453 'cujus

170 3509 207 3580 in
228 3508 371 3602 ingenio
383 3507 531 3602 vitaque
539 3507 696 3602 plurima
705 3509 780 3580 fato
793 3510 946 3604 quodam
960 3509 1153 3605 composita
1167 3509 1302 3582 dixeris

169 3663 211 3728 ut
230 3655 410 3727 Gasarum
429 3655 546 3726 hostes
567 3677 608 3725 ao
625 3654 790 3727 victimas
809 3656 869 3751 pia
888 3658 1131 3748 veneratione,
1149 3658 1303 3730 Caesares

171 3810 290 3876 autem
309 3800 404 3896 ipsos
422 3800 503 3872 odio
521 3806 663 3873 tantum
683 3808 720 3874 et
737 3808 943 3898 contemptu
968 3803 1093 3896 dignos
1108 3801 1301 3894 judicaret.

209 4086 219 4119 ¹
235 4087 393 4168 Panegyr.,
408 4084 458 4164 asi.
804 4087 815 4120 ⁴
831 4090 907 4150 dnn.
923 4089 958 4167 ll,
973 4089 1023 4151 61.

210 4193 221 4225 ²
238 4189 331 4271 loia,
348 4190 397 4271 34.
804 4197 814 4226 ⁵
833 4197 907 4258 llist.
927 4221 952 4259 1.
1062 4280 1064 4287 A

210 4304 222 4336 ³
238 4301 383 4380 Agricolae
398 4301 478 4378 Vita,
495 4301 523 4362 3.
