2926 4934
578 252 681 306 creon
708 254 882 305 ricuinum
1271 233 1289 301 ἦ

161 393 266 480 orari,
288 392 462 463 Patricius
478 397 610 481 autem,
636 398 807 484 nunquam
834 389 1001 462 innoxias
1020 400 1056 462 et
1074 390 1293 486 improvidas

161 517 337 628 victimas,
360 539 521 610 misereri
536 540 560 609 'a
576 544 697 610 tenero
716 543 961 608 consueverat.
982 535 1068 607 Mox
1087 535 1191 608 bellis
1210 538 1294 608 civi-

162 684 257 756 libus
271 706 475 757 concussam
495 684 607 758 'sensit
618 685 794 777 ltaliam3
813 691 1040 757 'ementatum
1055 683 1203 776 Urbem,
1216 704 1294 779 pro·
1376 777 1381 788 ⁵

163 833 319 903 culcatos
342 833 537 904 amilitnm
558 832 658 927 equis
678 833 813 917 Patres
837 832 1018 904 incensam
1035 832 1136 905 Jovis
1158 832 1294 927 Optimi

161 980 314 1052 Maximi
334 996 449 1051 arcem
469 980 664 1075 conspexit,
687 1001 798 1074 eaque
812 977 965 1072 alicujus
981 1001 1118 1073 semper
1136 978 1174 1049 in
1194 976 1295 1050 Prin-

162 1126 252 1220 cipis
266 1125 409 1212 nomine
420 1133 571 1220 patrata
587 1149 594 1196 ε
609 1132 730 1220 ¹quum
748 1146 871 1196 rursus
896 1124 1036 1219 antiqui
1060 1124 1211 1197 Senatus
1236 1148 1294 1196 sa-

162 1271 335 1366 pientiam
351 1294 392 1343 ac
403 1238 630 1364 majestatem
646 1274 692 1343 ab
703 1271 880 1343 historicis
894 1271 1061 1343 laudatas
1076 1279 1113 1343 et
1131 1273 1295 1344 omnibus
1384 1284 1392 1304 ·

162 1420 200 1490 in
218 1419 321 1491 scolis
340 1420 548 1492 decantatas
566 1419 864 1509 reminisceretur,
889 1440 1006 1491 nonne
1026 1421 1171 1514 gliscere
1199 1397 1294 1514 apud

163 1590 243 1638 eum
263 1568 388 1639 debuit
404 1567 591 1639 fastidium
615 1565 691 1658 ejus
706 1568 886 1661 temporie,
909 1567 1003 1661 quod
1023 1567 1166 1662 quidem
1187 1591 1207 1637 a
1228 1567 1296 1639 Su-

162 1715 257 1808 peris
279 1715 490 1786 damnatum
515 1715 591 1809 ipse
616 1714 851 1786 contenditl!
887 1714 1028 1786 Scilicet
1051 1701 1188 1786 veteres
1212 1714 1295 1786 illas

162 1862 401 1934 lbibunorum
421 1863 686 1956 Consulumque
715 1861 962 1952 dissensiones,
980 1860 1103 1955 jurgia
1126 1862 1192 1933 illa
1209 1884 1296 1956 prae·

162 2010 283 2103 linque
313 2008 351 2080 in
384 2011 486 2098 Foro,
520 2008 650 2103 quibus
670 2008 923 2082 tantummodo
956 2009 1053 2102 apud·
1077 2009 1119 2080 T.
1149 2007 1292 2079 Liuium

164 2157 389 2247 interfuerat,
410 2164 452 2228 ut
473 2157 683 2252 longinqua,
706 2164 742 2229 et
770 2156 1064 2249 circumfulgente
1083 2157 1190 2227 lande
1215 2163 1293 2228 tum

166 2313 356 2392 armorum,
387 2311 464 2375 tum
483 2280 706 2399 eloquentius,
738 2304 917 2394 obvelata,
945 2305 1059 2376 multo
1076 2303 1197 2375 minus
1215 2305 1295 2375 hor-

111 2432 117 2443 ‘
162 2454 266 2528 rebat
287 2473 296 2522 τ
317 2473 442 2544 nempe
465 2449 558 2522 talia
576 2449 644 2521 sibi
671 2449 895 2543 depingenda
914 2472 984 2520 non
1015 2449 1202 2543 contigisse
1231 2451 1294 2522 dc·

162 2599 295 2676 lontem
310 2595 350 2666 in
365 2595 560 2668 Arrnclz'bus
580 2595 664 2689 ipsis
684 2592 886 2678 audimus2.

211 2757 424 2829 Adolescens
451 2755 593 2826 demum
625 2755 822 2828 stabilitam
859 2776 880 2826 a
917 2765 1043 2850 nepote
1076 2756 1293 2834 centurionis

79 2896 83 2900 ’
162 2904 383 2999 Pompeiani,
404 2902 622 2998 Vespasiano
649 2902 794 2992 scilicet,
826 2926 948 3026 pacem
972 2903 1152 2998 publicam
1171 2904 1289 2994 vidit3

163 3050 379 3147 Capitolium
398 3051 475 3144 ipsa
493 3046 653 3142 ejusdem
673 3072 796 3141 manu,
817 3014 898 3122 oum
918 3049 1101 3123 Nobilium
1118 3049 1292 3120 ordinatis

163 3199 322 3272 a'bUrbe
348 3197 491 3269 condita
521 3197 648 3288 Fastis,
681 3195 931 3285 restitutum53
967 3195 1123 3268 civiliter
1150 3195 1291 3268 habitos

162 3347 347 3436 Patricios,
384 3370 533 3441 quorum
566 3336 752 3417 imminuto
787 3369 827 3416 ac
859 3366 948 3439 pene
980 3343 1095 3414 deleto
1128 3366 1286 3434 numero,

161 3491 425 3585 conjurationes
453 3493 604 3587 odioque
627 3491 877 3573 multominus
899 3491 1165 3563 metuebantur.
1190 3492 1292 3564 Tunc

64 3673 67 3681 ·
160 3641 296 3713 etilios
314 3641 454 3712 audivit
473 3640 516 3712 de
530 3640 719 3734 praeteritis
737 3638 988 3711 vexationibus
1007 3645 1260 3733 conquerentes
1278 3663 1285 3710 :

160 3811 220 3862 eas
240 3796 357 3862 autem
374 3790 534 3884 querelas
553 3786 664 3859 securi
681 3784 756 3880 jam
776 3787 819 3858 de
836 3771 1044 3880 ¹aequalitate
1060 3786 1176 3858 caeteri
1195 3786 1288 3858 cives

200 4091 206 4120 ¹
226 4089 300 4149 llist.
317 4091 337 4164 1,
352 4089 379 4148 3.
788 4085 950 4148 ‘Suetonii
975 4085 1174 4168 Vespasianus,
1198 4089 1274 4149 Vlll.

199 4195 300 4255 2Αιιιι.
317 4196 366 4271 lV,
383 4198 431 4255 32.
497 4238 505 4257 ,-
520 4242 533 4251 .,
587 4254 607 4261 ,,
632 4242 636 4265 ,.
