2926 4934
249 378 254 386 Ι
298 281 344 352 62
602 306 646 354 on
673 305 797 356 rnorro
823 305 927 358 creon
953 304 1128 356 rrennruu

349 428 435 514 Quae
452 454 563 524 quum
581 429 635 501 ita
654 431 739 520 sint,
762 441 987 504 removeatur
1007 431 1130 526 procul
1151 456 1171 503 a
1190 431 1331 504 Tiberio
1352 455 1431 503 exs-

297 578 404 649 tincti
419 576 621 651 Germanici
639 576 793 669 invidia,
814 587 850 651 et
869 579 906 651 in
924 581 1068 652 meritos
1084 580 1244 654 recidat!
1267 581 1341 652 Nec
1355 577 1432 669 jam

296 725 424 818 primis
441 733 477 797 et
496 704 638 821 optimis
661 725 761 817 illius
786 728 1015 823 Principatus
1033 727 1253 822 temporibus
1271 734 1432 799 extrema

245 917 247 922 -
296 872 519 973 pessimaque
555 885 730 967 noceant,
764 902 842 972 quae
877 876 1033 971 profecto
1058 876 1220 948 Tiberius
1246 875 1432 968 haudqua-

298 1043 406 1114 quam
419 1022 642 1116 praevidebat
656 1033 719 1096 aut
737 1026 901 1120 parabat.
925 1025 1005 1118 Ipse
1025 1031 1144 1095 autem
1158 1023 1314 1128 Tacitus
1333 1029 1430 1116 post-

297 1190 404 1262 quam
424 1167 566 1263 singula
583 1168 788 1265 incipientis
812 1170 868 1241 sui
894 1169 1041 1265 tyranni
1068 1177 1148 1241 acta
1168 1169 1217 1241 sio
1240 1169 1427 1257 tractavit,

295 1324 425 1388 cuncta
444 1317 649 1388 summatim
671 1318 854 1390 collaudat
875 1342 883 1388 :
907 1318 966 1388 sed
982 1341 1050 1411 quo
1071 1315 1165 1389 loco¹
1180 1318 1197 1387 ‘l
1214 1316 1285 1388 Ubi
1304 1339 1430 1408 nempe

293 1464 556 1558 praenuntiavit
572 1464 647 1536 fore
666 1473 708 1536 ut
727 1465 843 1546 civilis
862 1465 928 1536 illa
947 1464 1171 1558 gubernandi
1190 1465 1283 1535 ratio
1308 1463 1346 1533 in
1373 1488 1432 1558 pe-

290 1608 353 1702 jus
371 1619 517 1706 repente
541 1619 755 1684 mutaretur.
785 1613 876 1706 Ergo
896 1612 1024 1683 debitae
1043 1612 1178 1701 laudes,
1202 1569 1310 1705 longa
1328 1611 1430 1705 prius

292 1767 329 1830 et
355 1758 477 1831 solerti
504 1759 738 1832 insectatione
759 1759 863 1854 quasi
889 1759 1091 1851 destructae,
1121 1759 1213 1831 nihil
1238 1759 1308 1830 nisi
1334 1781 1429 1830 nova

294 1904 456 2001 quaedam
482 1906 597 1978 lorma
617 1908 786 2004 carpendi
812 1931 853 1980 ac
877 1908 1089 1980 detrahendi
1113 1917 1213 1999 sunt3
1241 1907 1428 1980 nonenim

293 2052 473 2142 laudibus
502 2062 545 2124 ut
566 2055 752 2163 decuisset,
778 2055 925 2148 rependi
944 2055 1092 2127 Caesaris
1112 2054 1306 2126 moderatio
1326 2054 1429 2124 vide-

252 2237 254 2246 ·
292 2209 364 2291 tur,
387 2201 447 2272 sed
465 2202 646 2273 simulatio
668 2203 783 2296 argui,
806 2203 1100 2297 probandumque
1114 2202 1206 2273 illud
1224 2225 1333 2296 prope
1353 2225 1427 2273 om-

293 2349 377 2422 nino
407 2351 605 2422 Tiberianae
635 2349 956 2421 administrationis
981 2359 1121 2445 tempus
1148 2349 1250 2446 quasi
1270 2348 1428 2443 splendi-

291 2497 376 2570 dum
399 2506 435 2570 ct
458 2497 536 2571 ideo
556 2497 734 2570 funestius
759 2496 966 2569 denuntiari
990 2499 1226 2570 mendacium.

332 2790 344 2824 ³
359 2791 435 2854 Ann.
452 2791 502 2870 lv,
517 2791 547 2853 6.
