2926 4934
523 269 627 321 111111
652 266 825 319 arenarum
1189 249 1231 323 111

143 416 222 493 ,Vel
236 418 442 514 restitutum
462 425 499 493 in
519 425 637 518 patria
656 423 760 492 timor
779 420 1236 513 angebatexnugust0,eui

107 591 143 640 se
162 592 349 663 nunquam
366 577 507 663 gratum
527 570 601 642 fore
620 570 808 658 sentiebat,
831 575 868 639 et
881 591 902 638 a
917 590 986 661 quo
1003 565 1123 637 fuerat
1135 590 1236 638 revo-

107 722 210 786 catus
227 738 271 786 ea
285 715 486 787 conditione
502 715 657 805 demum,
683 740 727 786 ne
754 737 861 809 quam
880 713 1083 807 reipublicae
1101 721 1238 809 partem

109 861 316 955 attingeret.
337 861 434 952 Ideo,
452 861 520 933 sibi
533 885 665 932 novum
686 861 864 954 quoddam
891 860 948 932 vel
967 861 1065 932 intra
1092 862 1239 934 Romam

108 1009 276 1081 exsilium
294 1008 469 1102 irrogans,
491 1003 510 1080 e
525 1007 668 1080 'Carinis
688 1008 733 1078 ad
746 1008 950 1078 Maecenatis
961 1007 1081 1079 hortos
1093 1009 1236 1101 secedit,

108 1157 184 1245 ubi,
207 1155 303 1228 inter
322 1154 582 1250 grammaticos,
612 1155 781 1226 inanibus
799 1155 1002 1226 litterarum
1031 1156 1159 1227 studiis
1183 1156 1240 1229 in-

113 1303 248 1398 dulget.
263 1302 451 1375 Defunotis
472 1312 552 1397 post
567 1304 763 1376 triennium
784 1303 870 1376 Gaio
896 1312 932 1375 et
947 1305 1068 1394 Lucio,
1093 1304 1240 1400 adopta-

83 1428 89 1439 ’
112 1457 168 1521 tus
194 1450 239 1520 ab
260 1448 434 1543 Augusto,
468 1473 564 1544 spem
596 1451 824 1522 successionis
855 1459 988 1523 certam
1018 1452 1162 1524 tandem
1189 1461 1242 1524 te-

111 1596 202 1668 nuit.
243 1599 479 1698 Permanebat
509 1579 628 1671 tamen
665 1606 792 1688 metus,
824 1607 966 1694 propter
1003 1599 1165 1670 invidam
1203 1622 1243 1670 ac

114 1746 328 1839 suspicacem
344 1745 519 1840 Principis
542 1755 578 1817 et
601 1746 712 1840 ipsius
729 1747 956 1842 Principatus
973 1747 1128 1820 indolem
1147 1771 1155 1819 ε
1173 1770 1242 1843 quo

117 1891 227 1984 magis
248 1891 360 1984 igitur
380 1891 425 1962 ad
443 1849 536 1962 illud
554 1892 738 1985 fastigium
757 1891 901 1965 fortuna
929 1902 965 1965 et
983 1894 1140 1966 omnium
1168 1897 1243 1989 opi-

116 2036 220 2108 nione
235 2036 412 2128 evehitur,
430 2062 470 2109 eo
483 2038 656 2110 humilius
675 2062 711 2110 se
733 2039 899 2134 deprimit
918 2063 924 2109 :
948 2039 1043 2111 domi
1064 2040 1155 2110 nihil
1169 2039 1243 2131 jam

65 2208 70 2216 ·
112 2208 178 2278 pro
194 2192 298 2279 patre
313 2183 469 2254 familias
482 2202 598 2278 agere,
618 2208 658 2255 ac
673 2208 717 2256 ne
732 2183 851 2279 legata
864 2184 1008 2278 quidem
1027 2187 1205 2280 percipere
1217 2187 1242 2273 ¹,

112 2329 237 2424 utqui
257 2329 349 2401 nihil
362 2329 438 2423 jam
458 2330 516 2419 sit,
540 2330 923 2426 111111111111111111111.Ι

165 2477 301 2550 Castris
319 2502 402 2578 mox
419 2477 592 2567 redditus,
615 2478 700 2549 dum
715 2502 750 2549 se
778 2480 947 2552 adversus
966 2477 1083 2554 hostes
1110 2504 1246 2578 semper

118 2628 289 2701 audacem
304 2628 449 2722 praebet,
467 2633 628 2720 respectu
660 2633 788 2742 tamen·
812 2627 1003 2722 Principis,
1036 2637 1246 2701 cunctanter

114 2777 297 2872 imperat:
333 2776 463 2846 multos
484 2776 591 2864 enim,
614 2783 741 2869 praeter
756 2795 856 2847 suam
876 2777 1178 2869 consuetudinem,
1211 2774 1247 2848 in

119 2923 412 3016 consilii‘partem
428 2918 579 2992 vocare²
590 2943 599 3008 3
633 2921 820 2992 debellatis
851 2919 1038 2994 Pannonia
1057 2930 1093 2994 et
1107 2922 1248 2997 Germa»

117 3071 191 3162 nia,
214 3066 437 3161 triumphum
455 3066 608 3157 eludere,
630 3064 784 3159 differre,
805 3075 937 3140 etcum
955 3070 1028 3140 suis
1042 3067 1138 3142 ultro
1154 3096 1247 3143 com·

116 3219 300 3293 municare
318 3218 467 3310 legatis:
504 3217 549 3288 ad
565 3216 782 3311 Capitolium
803 3217 956 3312 denique
981 3243 1246 3313 conscensurus,

113 3367 269 3461 primum
300 3388 406 3438 curru
431 3363 623 3451 descendit,
654 3388 689 3434 se
715 3363 919 3455 praesidenti
949 3366 1044 3459 patri
1069 3368 1249 3440 submittit

117 3516 163 3587 ad
184 3538 314 3613 genua,
345 3519 526 3607 spectante
559 3510 717 3603 populo;
745 3507 934 3582 manubias
958 3535 1029 3583 non
1057 3513 1165 3585 Marti
1186 3525 1249 3586 aut

114 3663 213 3753 Jovi,
242 3687 285 3734 ne
310 3660 481 3755 superbiae
507 3666 726 3752 argueretur,
744 3651 804 3728 sed
827 3659 1036 3756 [Concordiae
1056 3669 1091 3731 et
1108 3660 1247 3732 Gemel-

110 3809 170 3899 lis,
204 3816 306 3879 caute
338 3804 528 3893 dedicat³;
552 3804 643 3875 nihil
670 3805 823 3899 denique
852 3806 920 3877 nisi
948 3807 1085 3901 trepide
1112 3815 1148 3879 et
1164 3815 1273 3879 tan--

111 3981 221 4051 quam
235 3952 460 4027 ineluctabili
475 3975 659 4046 oppressus
669 3950 769 4045 jugo,
792 3977 894 4047 agere
909 3952 1063 4025 videtur.

154 4153 161 4183 ¹
181 4153 264 4213 Suet.
279 4151 345 4213 XV.
644 4119 648 4126 ¹
750 4146 859 4208 ι18111.
875 4149 941 4209 XX.

147 4259 162 4299 2
180 4259 262 4319 Suet.
277 4257 383 4317 XVlll.
