2926 4934
583 244 688 299 ernon
709 245 884 302 namnum
1230 223 1234 229 ’
1255 254 1300 332 59

169 369 426 466 quibusporro
446 372 628 445 rhetorum
650 397 693 446 ex
713 373 875 464 officinis,
906 381 994 468 quot
1017 375 1115 455 cives
1144 375 1298 469 factiosi,

168 519 255 613 quot
281 519 549 612 declamatores
587 521 778 593 contrariis
811 521 988 595 institutis
1022 521 1165 613 imbuti,
1202 523 1299 609 dela-

166 668 325 740 tionibus
359 670 494 741 mutuis
527 692 567 740 ac
601 668 755 739 caedibus
791 668 921 762 parati,
956 667 1151 743 necessario
1182 671 1299 743 emissi

166 816 318 886 eunti...

214 1083 316 1175 Adde
342 1085 544 1159 inveterata
574 1085 791 1181 vivacisque,
819 1085 977 1183 partium
1009 1086 1103 1172 inter
1134 1110 1170 1168 se
1201 1087 1295 1178 odia,

165 1254 257 1326 qnae,
274 1254 401 1305 novem
419 1255 480 1327 per
494 1255 606 1316 annos
619 1256 700 1305 cum
714 1232 825 1322 multo
844 1232 977 1319 Tiberii
994 1233 1114 1329 labore
1130 1234 1293 1339 coercita,

163 1376 444 1472 haudquaquam
476 1377 654 1451 exstincta
673 1377 795 1467 fuisse,
825 1385 1029 1451 caeterorum
1050 1376 1298 1485 historicorum

160 1544 271 1616 opera
292 1521 398 1594 nimis
417 1521 632 1595 testantur¹.

177 1757 179 1761 ¹
211 1789 280 1859 His
303 1789 478 1884 praecipue
498 1789 613 1860 causis
632 1791 814 1861 turbatam
833 1789 942 1861 fuisse
961 1791 1094 1862 Tiberii
1114 1762 1169 1862 for
1171 1772 1294 1863 tunam

164 1943 197 2035 et
229 1936 496 2029 pessumdatum
533 1935 691 2007 animum
724 1959 768 2006 ne
805 1935 941 2006 diutius
968 1935 1070 2031 dubit
1057 1945 1124 2026 teS,
1155 1907 1296 2057 tempus

160 2083 346 2198 considera
372 2108 441 2178 quo
468 2084 611 2154 funesta
643 2083 707 2153 illa
734 2083 852 2178 erupit
875 2081 1043 2173 mutati03
1076 2083 1183 2155 simul
1212 2110 1295 2163 con·

160 2192 267 2302 tinua
295 2230 486 2325 Principis,
525 2226 656 2300 abhinc
683 2253 794 2324 usque
835 2231 879 2302 ed
917 2255 992 2301 mor
996 2239 1077 2319 tem,
1127 2232 1287 2351 pericula

93 2466 97 2472 ι
162 2400 318 2449 recense.

210 2645 398 2716 Decimum
436 2630 506 2716 subx
550 2669 698 2735 annum,
732 2644 915 2716 immutari
953 2645 1059 2740 coepit
1095 2647 1257 2720 Tiberius
1285 2671 1292 2718 :

165 2774 275 2892 quam
322 2795 359 2866 in
412 2792 513 2889 pejus
555 2795 818 2867 conversionem
861 2778 1016 2867 Annales
1038 2774 1040 2779 ⁵
1066 2796 1111 2866 ad
1158 2782 1295 2866 nullam

163 2966 305 3013 causam
333 2942 576 3037 probabilem,
614 2967 655 3013 ac
686 2943 839 3037 denique
872 2943 917 3013 ad
948 2943 1126 3038 quoddam
1159 2941 1291 3030 fctum,

149 3072 267 3186 ⁴piane
293 3091 401 3163 inane
430 3115 472 3162 ac
504 3090 696 3161 ridiculum
729 3090 784 3187 (ut
809 3091 994 3187 diximus),
1025 3090 1197 3162 referunt.
1228 3089 1295 3162 Sed

160 3214 293 3307 decimo
313 3236 376 3308 illo
398 3218 492 3307 anno
514 3228 616 3306 curas
642 3206 871 3331 Principatus
897 3214 1120 3330 redintegrat
1105 3245 1159 3309 tes
1187 3235 1295 3309 fuisse

133 3351 195 3456 et
224 3386 354 3456 mirum
384 3385 421 3455 in
455 3383 599 3455 modum
624 3391 759 3473 auctae,
782 3385 927 3479 propius
956 3384 1011 3455 int
996 3384 1114 3455 tuenti
1131 3364 1169 3455 et
1195 3388 1294 3482 aequo

162 3532 278 3634 animo
298 3557 353 3604 res
374 3556 414 3603 ac
430 3498 591 3661 tempora
609 3531 854 3626 perpendenti,
813 3508 1041 3657 tmanifest
1026 3540 1061 3603 to
1080 3541 1240 3667 apparet.

209 3805 261 3878 Ea
285 3830 409 3902 nempe
429 3761 598 3900 dignitas
633 3802 734 3898 cujus
759 3812 926 3877 naturam
952 3831 1053 3880 nemo
1081 3834 1121 3882 ac
1146 3833 1190 3882 ne
1220 3809 1293 3906 ipse

193 4098 212 4135 0¹
231 4097 307 4158 Vide
328 4050 507 4178 praesertim,
523 4026 696 4176 apiidDio-
755 4090 856 4173 Sejani
872 4058 1066 4153 eversionem.
1089 4050 1209 4175 (uviri,
1223 4095 1293 4175 628,
1368 4073 1370 4076 Ι

163 4220 229 4264 nem
243 4202 389 4277 Cassium,
403 4201 507 4263 sociem
519 4201 698 4280 Romoepost
754 4199 799 4279 E.)
