<?xml version="1.0" encoding="UTF-8"?>
<!DOCTYPE html PUBLIC "-//W3C//DTD XHTML 1.0 Transitional//EN"
    "http://www.w3.org/TR/xhtml1/DTD/xhtml1-transitional.dtd">
<html xmlns="http://www.w3.org/1999/xhtml" xml:lang="en" lang="en">
 <head>
  <title>
</title>
<meta http-equiv="Content-Type" content="text/html;charset=utf-8" />
  <meta name='ocr-system' content='tesseract 3.04.00' />
  <meta name='ocr-capabilities' content='ocr_page ocr_carea ocr_par ocr_line ocrx_word'/>
</head>
<body>
  <div class='ocr_page' id='page_1' title='image "./detacitiadenarr01duchgoog_0028.png"; bbox 0 0 2926 4934; ppageno 0'>
   <div class='ocr_carea' id='block_1_1' title="bbox 137 250 1389 2124">
    <p class='ocr_par' dir='ltr' id='par_1_1' title="bbox 159 250 1296 943">
     <span class='ocr_line' id='line_1_1' title="bbox 464 250 1289 333; baseline -0.008 0"><span class='ocrx_word' id='word_1_1' title='bbox 464 250 466 254; x_wconf 17' lang='lat'><em>*</em></span> <span class='ocrx_word' id='word_1_2' title='bbox 564 280 671 333; x_wconf 69' lang='lat' dir='ltr'>cinca</span> <span class='ocrx_word' id='word_1_3' title='bbox 695 278 870 333; x_wconf 64' lang='grc'><strong>1111111111</strong></span> <span class='ocrx_word' id='word_1_4' title='bbox 1250 254 1289 328; x_wconf 71' lang='lat' dir='ltr'>izi</span> 
     </span>
     <span class='ocr_line' id='line_1_2' title="bbox 159 403 1289 501; baseline -0.004 -23"><span class='ocrx_word' id='word_1_5' title='bbox 159 405 365 501; x_wconf 86' lang='lat' dir='ltr'>templatus,</span> <span class='ocrx_word' id='word_1_6' title='bbox 387 405 533 478; x_wconf 90' lang='lat' dir='ltr'>minime</span> <span class='ocrx_word' id='word_1_7' title='bbox 562 405 717 500; x_wconf 88' lang='lat' dir='ltr'>profecto</span> <span class='ocrx_word' id='word_1_8' title='bbox 745 405 788 476; x_wconf 92' lang='lat' dir='ltr'>de</span> <span class='ocrx_word' id='word_1_9' title='bbox 807 405 952 499; x_wconf 89' lang='lat' dir='ltr'>pictoris</span> <span class='ocrx_word' id='word_1_10' title='bbox 977 403 1107 499; x_wconf 86' lang='lat' dir='ltr'>peritia</span> <span class='ocrx_word' id='word_1_11' title='bbox 1130 404 1289 477; x_wconf 81' lang='lat' dir='ltr'>dubites:</span> 
     </span>
     <span class='ocr_line' id='line_1_3' title="bbox 159 551 1293 664; baseline 0 -39"><span class='ocrx_word' id='word_1_12' title='bbox 159 564 233 626; x_wconf 89' lang='lat' dir='ltr'>tam</span> <span class='ocrx_word' id='word_1_13' title='bbox 260 553 352 626; x_wconf 86' lang='lat' dir='ltr'>mira</span> <span class='ocrx_word' id='word_1_14' title='bbox 372 552 578 646; x_wconf 79' lang='lat' dir='ltr'>sagacitate·</span> <span class='ocrx_word' id='word_1_15' title='bbox 592 551 897 664; x_wconf 66' lang='lat' dir='ltr'>sensus-maxime</span> <span class='ocrx_word' id='word_1_16' title='bbox 925 551 1068 623; x_wconf 84' lang='lat' dir='ltr'>abditos</span> <span class='ocrx_word' id='word_1_17' title='bbox 1094 558 1132 623; x_wconf 87' lang='lat' dir='ltr'>et</span> <span class='ocrx_word' id='word_1_18' title='bbox 1159 575 1293 625; x_wconf 75' lang='lat' dir='ltr'>amm</span> 
     </span>
     <span class='ocr_line' id='line_1_4' title="bbox 160 698 1296 795; baseline -0.003 -22"><span class='ocrx_word' id='word_1_19' title='bbox 160 701 309 795; x_wconf 81' lang='lat' dir='ltr'>pessime</span> <span class='ocrx_word' id='word_1_20' title='bbox 328 698 500 794; x_wconf 80' lang='lat' dir='ltr'>cujusque</span> <span class='ocrx_word' id='word_1_21' title='bbox 517 700 668 773; x_wconf 84' lang='lat' dir='ltr'>consilia</span> <span class='ocrx_word' id='word_1_22' title='bbox 686 699 864 794; x_wconf 82' lang='lat' dir='ltr'>indagare</span> <span class='ocrx_word' id='word_1_23' title='bbox 877 700 968 772; x_wconf 83' lang='lat' dir='ltr'>solet</span> <span class='ocrx_word' id='word_1_24' title='bbox 974 723 989 790; x_wconf 78' lang='lat'>3</span> <span class='ocrx_word' id='word_1_25' title='bbox 1014 707 1089 772; x_wconf 87' lang='lat' dir='ltr'>tam</span> <span class='ocrx_word' id='word_1_26' title='bbox 1103 700 1188 790; x_wconf 91' lang='lat' dir='ltr'>acri,</span> <span class='ocrx_word' id='word_1_27' title='bbox 1205 701 1296 772; x_wconf 87' lang='lat' dir='ltr'>licet</span> 
     </span>
     <span class='ocr_line' id='line_1_5' title="bbox 160 829 1294 943; baseline -0.001 -23"><span class='ocrx_word' id='word_1_28' title='bbox 160 874 237 920; x_wconf 89' lang='lat' dir='ltr'>eam</span> <span class='ocrx_word' id='word_1_29' title='bbox 257 849 432 938; x_wconf 88' lang='lat' dir='ltr'>cohibeat,</span> <span class='ocrx_word' id='word_1_30' title='bbox 454 848 525 919; x_wconf 92' lang='lat' dir='ltr'>imo</span> <span class='ocrx_word' id='word_1_31' title='bbox 540 829 626 943; x_wconf 88' lang='lat' dir='ltr'>quia</span> <span class='ocrx_word' id='word_1_32' title='bbox 640 847 794 938; x_wconf 81' lang='lat' dir='ltr'>cohibet,</span> <span class='ocrx_word' id='word_1_33' title='bbox 815 848 1213 921; x_wconf 81' lang='lat' dir='ltr'>vehementia-virtutes</span> <span class='ocrx_word' id='word_1_34' title='bbox 1232 872 1294 920; x_wconf 85' lang='lat' dir='ltr'>ex-</span> 
     </span>
    </p>

    <p class='ocr_par' dir='ltr' id='par_1_2' title="bbox 137 994 1389 1699">
     <span class='ocr_line' id='line_1_6' title="bbox 137 994 1296 1092; baseline -0.002 -24"><span class='ocrx_word' id='word_1_35' title='bbox 137 1040 139 1044; x_wconf 94' lang='lat'>·</span> <span class='ocrx_word' id='word_1_36' title='bbox 160 998 257 1069; x_wconf 87' lang='lat' dir='ltr'>tollit</span> <span class='ocrx_word' id='word_1_37' title='bbox 276 1021 318 1068; x_wconf 93' lang='lat' dir='ltr'>ac</span> <span class='ocrx_word' id='word_1_38' title='bbox 337 996 515 1092; x_wconf 81' lang='lat' dir='ltr'>praecipue</span> <span class='ocrx_word' id='word_1_39' title='bbox 533 996 627 1067; x_wconf 88' lang='lat' dir='ltr'>vitia</span> <span class='ocrx_word' id='word_1_40' title='bbox 651 996 874 1084; x_wconf 71' lang='lat' dir='ltr'>insectatur,</span> <span class='ocrx_word' id='word_1_41' title='bbox 899 1003 976 1067; x_wconf 85' lang='lat' dir='ltr'>tam</span> <span class='ocrx_word' id='word_1_42' title='bbox 993 996 1117 1067; x_wconf 86' lang='lat' dir='ltr'>vivido</span> <span class='ocrx_word' id='word_1_43' title='bbox 1142 994 1296 1090; x_wconf 86' lang='lat' dir='ltr'>denique</span> 
     </span>
     <span class='ocr_line' id='line_1_7' title="bbox 160 1106 1389 1239; baseline 0 -24"><span class='ocrx_word' id='word_1_44' title='bbox 160 1144 346 1239; x_wconf 85' lang='lat' dir='ltr'>splendore</span> <span class='ocrx_word' id='word_1_45' title='bbox 364 1152 494 1216; x_wconf 89' lang='lat' dir='ltr'>cuncta</span> <span class='ocrx_word' id='word_1_46' title='bbox 512 1144 712 1217; x_wconf 85' lang='lat' dir='ltr'>collustrat.</span> <span class='ocrx_word' id='word_1_47' title='bbox 746 1141 814 1215; x_wconf 81' lang='lat' dir='ltr'>Sed</span> <span class='ocrx_word' id='word_1_48' title='bbox 835 1142 922 1215; x_wconf 92' lang='lat' dir='ltr'>adeo</span> <span class='ocrx_word' id='word_1_49' title='bbox 941 1150 1105 1215; x_wconf 83' lang='lat' dir='ltr'>moestam</span> <span class='ocrx_word' id='word_1_50' title='bbox 1124 1167 1165 1215; x_wconf 92' lang='lat' dir='ltr'>ac</span> <span class='ocrx_word' id='word_1_51' title='bbox 1189 1144 1294 1238; x_wconf 85' lang='lat' dir='ltr'>lugu·</span> <span class='ocrx_word' id='word_1_52' title='bbox 1386 1106 1389 1112; x_wconf 88' lang='lat'><strong>.</strong></span> 
     </span>
     <span class='ocr_line' id='line_1_8' title="bbox 162 1291 1295 1387; baseline 0.001 -23"><span class='ocrx_word' id='word_1_53' title='bbox 162 1297 269 1365; x_wconf 89' lang='lat' dir='ltr'>brem</span> <span class='ocrx_word' id='word_1_54' title='bbox 280 1293 523 1381; x_wconf 67' lang='lat' dir='ltr'>narrationem</span> <span class='ocrx_word' id='word_1_55' title='bbox 555 1292 736 1366; x_wconf 77' lang='lat' dir='ltr'>evolventi</span> <span class='ocrx_word' id='word_1_56' title='bbox 753 1291 910 1387; x_wconf 90' lang='lat' dir='ltr'>plurima</span> <span class='ocrx_word' id='word_1_57' title='bbox 928 1300 1120 1364; x_wconf 91' lang='lat' dir='ltr'>occurrunt</span> <span class='ocrx_word' id='word_1_58' title='bbox 1138 1315 1295 1365; x_wconf 82' lang='lat' dir='ltr'>auream</span> 
     </span>
     <span class='ocr_line' id='line_1_9' title="bbox 162 1438 1297 1535; baseline -0.002 -22"><span class='ocrx_word' id='word_1_59' title='bbox 162 1441 277 1534; x_wconf 85' lang='lat' dir='ltr'>magis</span> <span class='ocrx_word' id='word_1_60' title='bbox 313 1464 394 1513; x_wconf 91' lang='lat' dir='ltr'>cum</span> <span class='ocrx_word' id='word_1_61' title='bbox 429 1438 720 1535; x_wconf 89' lang='lat' dir='ltr'>eloquentissima</span> <span class='ocrx_word' id='word_1_62' title='bbox 756 1438 795 1510; x_wconf 93' lang='lat' dir='ltr'>in</span> <span class='ocrx_word' id='word_1_63' title='bbox 832 1439 1015 1511; x_wconf 84' lang='lat' dir='ltr'>Tiberium</span> <span class='ocrx_word' id='word_1_64' title='bbox 1043 1440 1297 1512; x_wconf 80' lang='lat' dir='ltr'>malevolentia</span> 
     </span>
     <span class='ocr_line' id='line_1_10' title="bbox 163 1576 1243 1699; baseline -0.003 -38"><span class='ocrx_word' id='word_1_65' title='bbox 163 1576 366 1685; x_wconf 63' lang='grc'><strong>1111111111</strong></span> <span class='ocrx_word' id='word_1_66' title='bbox 385 1594 513 1661; x_wconf 85' lang='lat' dir='ltr'>exacta</span> <span class='ocrx_word' id='word_1_67' title='bbox 528 1611 647 1660; x_wconf 89' lang='lat' dir='ltr'>rerum</span> <span class='ocrx_word' id='word_1_68' title='bbox 665 1586 733 1658; x_wconf 89' lang='lat' dir='ltr'>fide</span> <span class='ocrx_word' id='word_1_69' title='bbox 752 1587 982 1680; x_wconf 76' lang='lat' dir='ltr'>compositam</span> <span class='ocrx_word' id='word_1_70' title='bbox 996 1585 1146 1679; x_wconf 89' lang='lat' dir='ltr'>judices.</span> <span class='ocrx_word' id='word_1_71' title='bbox 1238 1689 1243 1699; x_wconf 25' lang='grc' dir='ltr'>Ι</span> 
     </span>
    </p>

    <p class='ocr_par' dir='ltr' id='par_1_3' title="bbox 162 1733 1299 2124">
     <span class='ocr_line' id='line_1_11' title="bbox 212 1733 1298 1839; baseline -0.002 -31"><span class='ocrx_word' id='word_1_72' title='bbox 212 1736 372 1808; x_wconf 88' lang='lat' dir='ltr'>Primum</span> <span class='ocrx_word' id='word_1_73' title='bbox 392 1741 512 1805; x_wconf 91' lang='lat' dir='ltr'>autem</span> <span class='ocrx_word' id='word_1_74' title='bbox 531 1733 574 1806; x_wconf 89' lang='lat' dir='ltr'>de</span> <span class='ocrx_word' id='word_1_75' title='bbox 592 1733 666 1806; x_wconf 92' lang='lat' dir='ltr'>illis</span> <span class='ocrx_word' id='word_1_76' title='bbox 691 1757 835 1839; x_wconf 84' lang='lat' dir='ltr'>agemus</span> <span class='ocrx_word' id='word_1_77' title='bbox 852 1757 942 1828; x_wconf 86' lang='lat' dir='ltr'>quae,</span> <span class='ocrx_word' id='word_1_78' title='bbox 964 1741 1114 1806; x_wconf 52' lang='lat' dir='ltr'>’naturae</span> <span class='ocrx_word' id='word_1_79' title='bbox 1132 1735 1298 1806; x_wconf 79' lang='lat' dir='ltr'>humana</span> 
     </span>
     <span class='ocr_line' id='line_1_12' title="bbox 162 1879 1299 1978; baseline -0.002 -24"><span class='ocrx_word' id='word_1_80' title='bbox 162 1907 291 1978; x_wconf 88' lang='lat' dir='ltr'>parum</span> <span class='ocrx_word' id='word_1_81' title='bbox 308 1879 572 1969; x_wconf 88' lang='lat' dir='ltr'>convenientia,</span> <span class='ocrx_word' id='word_1_82' title='bbox 600 1903 723 1951; x_wconf 90' lang='lat' dir='ltr'>sensus</span> <span class='ocrx_word' id='word_1_83' title='bbox 741 1879 818 1973; x_wconf 91' lang='lat' dir='ltr'>ipse·</span> <span class='ocrx_word' id='word_1_84' title='bbox 835 1880 1034 1950; x_wconf 88' lang='lat' dir='ltr'>communis</span> <span class='ocrx_word' id='word_1_85' title='bbox 1048 1888 1221 1975; x_wconf 87' lang='lat' dir='ltr'>prompte,</span> <span class='ocrx_word' id='word_1_86' title='bbox 1256 1889 1299 1952; x_wconf 90' lang='lat' dir='ltr'>ut</span> 
     </span>
     <span class='ocr_line' id='line_1_13' title="bbox 163 1993 1298 2124; baseline 0 -23"><span class='ocrx_word' id='word_1_87' title='bbox 163 2029 352 2101; x_wconf 86' lang='lat' dir='ltr'>manifesto</span> <span class='ocrx_word' id='word_1_88' title='bbox 388 1993 622 2123; x_wconf 60' lang='lat' dir='ltr'>exaggerata,</span> <span class='ocrx_word' id='word_1_89' title='bbox 661 2025 875 2099; x_wconf 78' lang='lat' dir='ltr'>refutaverit</span> <span class='ocrx_word' id='word_1_90' title='bbox 891 2051 916 2114; x_wconf 56' lang='lat'>:⁴</span> <span class='ocrx_word' id='word_1_91' title='bbox 936 2028 1068 2101; x_wconf 81' lang='lat' dir='ltr'>Tiberii</span> <span class='ocrx_word' id='word_1_92' title='bbox 1102 2029 1298 2124; x_wconf 87' lang='lat' dir='ltr'>nequitiam</span> 
     </span>
    </p>
   </div>
   <div class='ocr_carea' id='block_1_2' title="bbox 135 2175 779 2272">
    <p class='ocr_par' dir='ltr' id='par_1_4' title="bbox 135 2175 779 2272">
     <span class='ocr_line' id='line_1_14' title="bbox 135 2175 779 2272; baseline -0.003 -24"><span class='ocrx_word' id='word_1_93' title='bbox 135 2202 138 2207; x_wconf 69' lang='grc'>’</span> <span class='ocrx_word' id='word_1_94' title='bbox 164 2178 241 2249; x_wconf 89' lang='lat' dir='ltr'>dioc</span> <span class='ocrx_word' id='word_1_95' title='bbox 259 2178 567 2272; x_wconf 87' lang='lat' dir='ltr'>Romanorumque</span> <span class='ocrx_word' id='word_1_96' title='bbox 582 2175 779 2269; x_wconf 83' lang='lat' dir='ltr'>ignaviam.</span> 
     </span>
    </p>
   </div>
   <div class='ocr_carea' id='block_1_3' title="bbox 164 2465 1363 3447">
    <p class='ocr_par' dir='ltr' id='par_1_5' title="bbox 164 2465 1363 3447">
     <span class='ocr_line' id='line_1_15' title="bbox 214 2465 1305 2565; baseline -0.001 -20"><span class='ocrx_word' id='word_1_97' title='bbox 214 2473 394 2546; x_wconf 84' lang='lat' dir='ltr'>Tiberium</span> <span class='ocrx_word' id='word_1_98' title='bbox 415 2495 540 2565; x_wconf 86' lang='lat' dir='ltr'>nempe</span> <span class='ocrx_word' id='word_1_99' title='bbox 557 2465 629 2543; x_wconf 89' lang='lat' dir='ltr'>non</span> <span class='ocrx_word' id='word_1_100' title='bbox 644 2471 774 2543; x_wconf 88' lang='lat' dir='ltr'>sensim</span> <span class='ocrx_word' id='word_1_101' title='bbox 791 2492 854 2564; x_wconf 90' lang='lat' dir='ltr'>per</span> <span class='ocrx_word' id='word_1_102' title='bbox 866 2467 1035 2543; x_wconf 82' lang='lat' dir='ltr'>libidines</span> <span class='ocrx_word' id='word_1_103' title='bbox 1066 2471 1305 2551; x_wconf 76' lang='lat' dir='ltr'>aliasvecau-</span> 
     </span>
     <span class='ocr_line' id='line_1_16' title="bbox 166 2613 1300 2710; baseline 0.001 -20"><span class='ocrx_word' id='word_1_104' title='bbox 166 2642 237 2710; x_wconf 91' lang='lat' dir='ltr'>sas,</span> <span class='ocrx_word' id='word_1_105' title='bbox 273 2616 434 2689; x_wconf 88' lang='lat' dir='ltr'>aTacito</span> <span class='ocrx_word' id='word_1_106' title='bbox 454 2616 648 2710; x_wconf 85' lang='lat' dir='ltr'>neglectas,</span> <span class='ocrx_word' id='word_1_107' title='bbox 684 2615 724 2687; x_wconf 90' lang='lat' dir='ltr'>in</span> <span class='ocrx_word' id='word_1_108' title='bbox 743 2613 844 2710; x_wconf 91' lang='lat' dir='ltr'>pejus</span> <span class='ocrx_word' id='word_1_109' title='bbox 876 2624 1055 2689; x_wconf 90' lang='lat' dir='ltr'>mutatum</span> <span class='ocrx_word' id='word_1_110' title='bbox 1084 2617 1205 2708; x_wconf 89' lang='lat' dir='ltr'>fuisse,</span> <span class='ocrx_word' id='word_1_111' title='bbox 1240 2621 1300 2691; x_wconf 87' lang='lat' dir='ltr'>sed</span> 
     </span>
     <span class='ocr_line' id='line_1_17' title="bbox 167 2763 1301 2859; baseline -0.002 -21"><span class='ocrx_word' id='word_1_112' title='bbox 167 2766 289 2838; x_wconf 91' lang='lat' dir='ltr'>statim</span> <span class='ocrx_word' id='word_1_113' title='bbox 310 2790 331 2836; x_wconf 92' lang='lat' dir='ltr'>a</span> <span class='ocrx_word' id='word_1_114' title='bbox 350 2763 526 2859; x_wconf 91' lang='lat' dir='ltr'>principio</span> <span class='ocrx_word' id='word_1_115' title='bbox 546 2771 791 2858; x_wconf 91' lang='lat' dir='ltr'>comparatum</span> <span class='ocrx_word' id='word_1_116' title='bbox 819 2764 997 2836; x_wconf 82' lang='lat' dir='ltr'>exstitisse</span> <span class='ocrx_word' id='word_1_117' title='bbox 1013 2765 1156 2859; x_wconf 86' lang='lat' dir='ltr'>qualem</span> <span class='ocrx_word' id='word_1_118' title='bbox 1181 2771 1217 2838; x_wconf 87' lang='lat' dir='ltr'>s&#39;e</span> <span class='ocrx_word' id='word_1_119' title='bbox 1236 2768 1301 2838; x_wconf 91' lang='lat' dir='ltr'>sub</span> 
     </span>
     <span class='ocr_line' id='line_1_18' title="bbox 168 2879 1363 3008; baseline -0.002 -22"><span class='ocrx_word' id='word_1_120' title='bbox 168 2914 252 2986; x_wconf 88' lang='lat' dir='ltr'>vitae</span> <span class='ocrx_word' id='word_1_121' title='bbox 270 2912 376 2984; x_wconf 89' lang='lat' dir='ltr'>finem</span> <span class='ocrx_word' id='word_1_122' title='bbox 394 2911 576 3001; x_wconf 68' lang='lat' dir='ltr'>ostendit,</span> <span class='ocrx_word' id='word_1_123' title='bbox 610 2935 676 2982; x_wconf 93' lang='lat' dir='ltr'>nec</span> <span class='ocrx_word' id='word_1_124' title='bbox 694 2911 813 2983; x_wconf 91' lang='lat' dir='ltr'>minus</span> <span class='ocrx_word' id='word_1_125' title='bbox 845 2912 1025 3007; x_wconf 89' lang='lat' dir='ltr'>perditum</span> <span class='ocrx_word' id='word_1_126' title='bbox 1046 2913 1165 2984; x_wconf 91' lang='lat' dir='ltr'>animo</span> <span class='ocrx_word' id='word_1_127' title='bbox 1191 2937 1301 3008; x_wconf 92' lang='lat' dir='ltr'>quum</span> <span class='ocrx_word' id='word_1_128' title='bbox 1362 2879 1363 2882; x_wconf 8' lang='grc' dir='ltr'><strong>Ἴ</strong></span> 
     </span>
     <span class='ocr_line' id='line_1_19' title="bbox 167 3059 1298 3156; baseline -0.004 -22"><span class='ocrx_word' id='word_1_129' title='bbox 167 3059 362 3156; x_wconf 88' lang='lat' dir='ltr'>Imperium</span> <span class='ocrx_word' id='word_1_130' title='bbox 395 3065 575 3130; x_wconf 81' lang='lat' dir='ltr'>recusaret</span> <span class='ocrx_word' id='word_1_131' title='bbox 607 3082 715 3154; x_wconf 89' lang='lat' dir='ltr'>quam</span> <span class='ocrx_word' id='word_1_132' title='bbox 747 3082 870 3153; x_wconf 91' lang='lat' dir='ltr'>quum,</span> <span class='ocrx_word' id='word_1_133' title='bbox 911 3059 1068 3153; x_wconf 83' lang='lat' dir='ltr'>Capraeis</span> <span class='ocrx_word' id='word_1_134' title='bbox 1104 3063 1298 3148; x_wconf 79' lang='lat' dir='ltr'>tabescens,</span> 
     </span>
     <span class='ocr_line' id='line_1_20' title="bbox 166 3205 1302 3299; baseline -0.004 -19"><span class='ocrx_word' id='word_1_135' title='bbox 166 3208 301 3280; x_wconf 88' lang='lat' dir='ltr'>Urbem</span> <span class='ocrx_word' id='word_1_136' title='bbox 320 3205 495 3298; x_wconf 88' lang='lat' dir='ltr'>sanguine</span> <span class='ocrx_word' id='word_1_137' title='bbox 514 3205 730 3298; x_wconf 83' lang='lat' dir='ltr'>compleret3</span> <span class='ocrx_word' id='word_1_138' title='bbox 767 3228 849 3276; x_wconf 92' lang='lat' dir='ltr'>eum</span> <span class='ocrx_word' id='word_1_139' title='bbox 867 3205 1078 3277; x_wconf 87' lang='lat' dir='ltr'>modestiam</span> <span class='ocrx_word' id='word_1_140' title='bbox 1096 3212 1133 3277; x_wconf 90' lang='lat' dir='ltr'>et</span> <span class='ocrx_word' id='word_1_141' title='bbox 1151 3205 1302 3299; x_wconf 84' lang='lat' dir='ltr'>aequita-</span> 
     </span>
     <span class='ocr_line' id='line_1_21' title="bbox 164 3334 1301 3447; baseline 0 -24"><span class='ocrx_word' id='word_1_142' title='bbox 164 3361 251 3442; x_wconf 91' lang='lat' dir='ltr'>tem,</span> <span class='ocrx_word' id='word_1_143' title='bbox 284 3334 510 3439; x_wconf 86' lang='lat' dir='ltr'>clementiam</span> <span class='ocrx_word' id='word_1_144' title='bbox 540 3351 610 3423; x_wconf 93' lang='lat' dir='ltr'>imo</span> <span class='ocrx_word' id='word_1_145' title='bbox 641 3360 677 3421; x_wconf 92' lang='lat' dir='ltr'>et</span> <span class='ocrx_word' id='word_1_146' title='bbox 705 3351 1135 3447; x_wconf 67' lang='lat' dir='ltr'>beneficentiam&#39;perfida</span> <span class='ocrx_word' id='word_1_147' title='bbox 1160 3361 1301 3424; x_wconf 89' lang='lat' dir='ltr'>tantum</span> 
     </span>
    </p>
   </div>
   <div class='ocr_carea' id='block_1_4' title="bbox 166 3497 1301 3592">
    <p class='ocr_par' dir='ltr' id='par_1_6' title="bbox 166 3497 1301 3592">
     <span class='ocr_line' id='line_1_22' title="bbox 166 3497 1301 3592; baseline 0.001 -20"><span class='ocrx_word' id='word_1_148' title='bbox 166 3499 395 3572; x_wconf 87' lang='lat' dir='ltr'>simulatione</span> <span class='ocrx_word' id='word_1_149' title='bbox 414 3499 586 3587; x_wconf 87' lang='lat' dir='ltr'>induisse,</span> <span class='ocrx_word' id='word_1_150' title='bbox 609 3521 698 3592; x_wconf 93' lang='lat' dir='ltr'>quas</span> <span class='ocrx_word' id='word_1_151' title='bbox 718 3497 820 3592; x_wconf 76' lang='lat' dir='ltr'>¹haud</span> <span class='ocrx_word' id='word_1_152' title='bbox 838 3498 976 3570; x_wconf 88' lang='lat' dir='ltr'>invitus</span> <span class='ocrx_word' id='word_1_153' title='bbox 993 3507 1164 3590; x_wconf 80' lang='lat' dir='ltr'>exueret3</span> <span class='ocrx_word' id='word_1_154' title='bbox 1199 3503 1301 3574; x_wconf 89' lang='lat' dir='ltr'>saevi-</span> 
     </span>
    </p>
   </div>
   <div class='ocr_carea' id='block_1_5' title="bbox 165 3644 1296 3741">
    <p class='ocr_par' dir='ltr' id='par_1_7' title="bbox 165 3644 1296 3741">
     <span class='ocr_line' id='line_1_23' title="bbox 165 3644 1296 3741; baseline 0 -23"><span class='ocrx_word' id='word_1_155' title='bbox 165 3649 255 3719; x_wconf 90' lang='lat' dir='ltr'>tiam</span> <span class='ocrx_word' id='word_1_156' title='bbox 268 3647 465 3718; x_wconf 83' lang='lat' dir='ltr'>exercuisse</span> <span class='ocrx_word' id='word_1_157' title='bbox 480 3667 552 3716; x_wconf 91' lang='lat' dir='ltr'>non</span> <span class='ocrx_word' id='word_1_158' title='bbox 565 3652 710 3738; x_wconf 90' lang='lat' dir='ltr'>propter</span> <span class='ocrx_word' id='word_1_159' title='bbox 722 3644 929 3740; x_wconf 84' lang='lat' dir='ltr'>ingruentia</span> <span class='ocrx_word' id='word_1_160' title='bbox 942 3647 1103 3741; x_wconf 87' lang='lat' dir='ltr'>quaedam</span> <span class='ocrx_word' id='word_1_161' title='bbox 1124 3646 1296 3741; x_wconf 90' lang='lat' dir='ltr'>pericula,</span> 
     </span>
    </p>
   </div>
   <div class='ocr_carea' id='block_1_6' title="bbox 166 3790 1299 4182">
    <p class='ocr_par' dir='ltr' id='par_1_8' title="bbox 166 3790 1299 4182">
     <span class='ocr_line' id='line_1_24' title="bbox 166 3790 1298 3888; baseline 0.001 -23"><span class='ocrx_word' id='word_1_162' title='bbox 166 3795 226 3867; x_wconf 91' lang='lat' dir='ltr'>sed</span> <span class='ocrx_word' id='word_1_163' title='bbox 238 3801 331 3866; x_wconf 92' lang='lat' dir='ltr'>certo</span> <span class='ocrx_word' id='word_1_164' title='bbox 351 3793 488 3888; x_wconf 88' lang='lat' dir='ltr'>pridem</span> <span class='ocrx_word' id='word_1_165' title='bbox 509 3790 683 3879; x_wconf 89' lang='lat' dir='ltr'>consilio;</span> <span class='ocrx_word' id='word_1_166' title='bbox 719 3792 871 3886; x_wconf 84' lang='lat' dir='ltr'>denique</span> <span class='ocrx_word' id='word_1_167' title='bbox 904 3817 966 3887; x_wconf 91' lang='lat' dir='ltr'>per</span> <span class='ocrx_word' id='word_1_168' title='bbox 997 3803 1069 3866; x_wconf 92' lang='lat' dir='ltr'>tres</span> <span class='ocrx_word' id='word_1_169' title='bbox 1099 3799 1135 3863; x_wconf 93' lang='lat' dir='ltr'>et</span> <span class='ocrx_word' id='word_1_170' title='bbox 1165 3794 1298 3888; x_wconf 85' lang='lat' dir='ltr'>viginti</span> 
     </span>
     <span class='ocr_line' id='line_1_25' title="bbox 167 3941 1295 4037; baseline 0.003 -24"><span class='ocrx_word' id='word_1_171' title='bbox 167 3967 277 4014; x_wconf 91' lang='lat' dir='ltr'>annos</span> <span class='ocrx_word' id='word_1_172' title='bbox 292 3941 477 4034; x_wconf 83' lang='lat' dir='ltr'>ingenium</span> <span class='ocrx_word' id='word_1_173' title='bbox 497 3964 600 4035; x_wconf 85' lang='lat' dir='ltr'>suum</span> <span class='ocrx_word' id='word_1_174' title='bbox 620 3964 691 4013; x_wconf 92' lang='lat' dir='ltr'>non</span> <span class='ocrx_word' id='word_1_175' title='bbox 710 3942 1000 4037; x_wconf 88' lang='lat' dir='ltr'>pessumdedisse,</span> <span class='ocrx_word' id='word_1_176' title='bbox 1035 3941 1093 4012; x_wconf 89' lang='lat' dir='ltr'>sed</span> <span class='ocrx_word' id='word_1_177' title='bbox 1106 3943 1295 4034; x_wconf 89' lang='lat' dir='ltr'>revelasse,</span> 
     </span>
     <span class='ocr_line' id='line_1_26' title="bbox 166 4087 1299 4182; baseline 0 -22"><span class='ocrx_word' id='word_1_178' title='bbox 166 4113 231 4160; x_wconf 91' lang='lat' dir='ltr'>nec</span> <span class='ocrx_word' id='word_1_179' title='bbox 249 4089 287 4158; x_wconf 89' lang='lat' dir='ltr'>id</span> <span class='ocrx_word' id='word_1_180' title='bbox 312 4087 456 4182; x_wconf 91' lang='lat' dir='ltr'>quidem</span> <span class='ocrx_word' id='word_1_181' title='bbox 488 4094 529 4157; x_wconf 92' lang='lat' dir='ltr'>ut</span> <span class='ocrx_word' id='word_1_182' title='bbox 560 4087 696 4161; x_wconf 88' lang='lat' dir='ltr'>factum</span> <span class='ocrx_word' id='word_1_183' title='bbox 729 4091 785 4161; x_wconf 91' lang='lat' dir='ltr'>sui</span> <span class='ocrx_word' id='word_1_184' title='bbox 813 4089 1054 4182; x_wconf 90' lang='lat' dir='ltr'>impotentem,</span> <span class='ocrx_word' id='word_1_185' title='bbox 1090 4090 1150 4162; x_wconf 91' lang='lat' dir='ltr'>sed</span> <span class='ocrx_word' id='word_1_186' title='bbox 1182 4091 1299 4163; x_wconf 87' lang='lat' dir='ltr'>insitae</span> 
     </span>
    </p>
   </div>
   <div class='ocr_carea' id='block_1_7' title="bbox 102 4217 1293 4335">
    <p class='ocr_par' dir='ltr' id='par_1_9' title="bbox 102 4217 1293 4335">
     <span class='ocr_line' id='line_1_27' title="bbox 102 4217 1293 4335; baseline -0.003 -20"><span class='ocrx_word' id='word_1_187' title='bbox 102 4217 106 4223; x_wconf 21' lang='lat'><strong>¹</strong></span> <span class='ocrx_word' id='word_1_188' title='bbox 164 4239 334 4332; x_wconf 76' lang='lat' dir='ltr'>nequitia</span> <span class='ocrx_word' id='word_1_189' title='bbox 352 4260 555 4332; x_wconf 82' lang='lat' dir='ltr'>progressus</span> <span class='ocrx_word' id='word_1_190' title='bbox 575 4238 671 4310; x_wconf 90' lang='lat' dir='ltr'>ultro</span> <span class='ocrx_word' id='word_1_191' title='bbox 690 4238 957 4333; x_wconf 90' lang='lat' dir='ltr'>propellentem,</span> <span class='ocrx_word' id='word_1_192' title='bbox 995 4262 1178 4334; x_wconf 92' lang='lat' dir='ltr'>nunquam</span> <span class='ocrx_word' id='word_1_193' title='bbox 1197 4241 1293 4335; x_wconf 87' lang='lat' dir='ltr'>equi-</span> 
     </span>
    </p>
   </div>
   <div class='ocr_carea' id='block_1_8' title="bbox 0 0 1479 4934">
    <p class='ocr_par' dir='ltr' id='par_1_10' title="bbox 0 0 1479 4934">
     <span class='ocr_line' id='line_1_28' title="bbox 0 0 1479 4934; baseline 0 0"><span class='ocrx_word' id='word_1_194' title='bbox 0 0 1479 4934; x_wconf 95' lang='lat' dir='ltr'> </span> 
     </span>
    </p>
   </div>
  </div>
 </body>
</html>
