2926 4934
575 290 678 341 cruca
703 288 877 339 rinnnnnr
1227 288 1286 333 101

164 423 276 486 tatem
287 423 323 487 et
337 415 458 488 servili
473 417 710 489 Romanorum
726 415 869 509 ingenio
883 413 1158 509 periclitantem,
1173 420 1296 484 contra

164 561 264 634 dolos
281 563 516 635 Dominarum
534 562 709 659 paulatim
729 560 1004 655 insurgentium,
1026 567 1151 631 contra
1172 558 1296 654 populi

163 707 275 802 ipsius
294 709 332 781 in
348 708 526 784 Caesarum
539 710 796 782 suecessoribus
811 708 991 797 fiduciam,
1009 706 1160 801 denique
1174 713 1297 777 contra

165 857 346 930 credulam
371 859 472 930 illam
495 845 720 930 securitatem
739 882 818 953 quae
836 859 941 929 toties
963 857 1131 951 gentibus
1157 854 1293 944 nocuit,

165 1007 379 1101 praemunire
415 1005 601 1100 gestiebat.
636 1004 830 1077 Libertatis
867 1003 1008 1076 demum
1046 1026 1132 1074 cura
1162 1000 1294 1074 sollici·

162 1163 291 1249 tueque
328 1151 453 1248 patriae
490 1175 587 1224 amor
618 1149 844 1246 splendidum
881 1147 974 1220 illud
1009 1147 1194 1243 ingenium
1229 1145 1295 1219 has

162 1302 262 1375 intra
290 1301 456 1372 tenebras
484 1298 672 1373 inclusere.

213 1448 375 1520 Tacitum
404 1469 475 1518 non
505 1447 616 1519 animi
642 1468 762 1536 causa,
791 1445 852 1518 sed
885 1444 930 1517 ad
963 1442 1157 1526 docendam
1184 1450 1296 1539 poste·

160 1597 320 1685 ritatem,
338 1593 547 1666 domesticas
568 1593 677 1668 Urbis
703 1593 821 1666 sordes
847 1601 923 1665 tam
949 1599 1076 1664 moesta
1098 1593 1178 1665 luce
1198 1591 1298 1663 illus·

159 1741 326 1832 travisse,
359 1747 537 1815 testantur
567 1740 701 1836 legenti
731 1739 859 1836 cuique
890 1740 1093 1834 indignatio
1120 1737 1198 1829 illa,
1230 1737 1293 1810 ille
1375 1820 1380 1827 ,

162 1890 264 1963 dolor
283 1890 358 1988 qui,
381 1914 443 1986 per
457 1890 576 1964 omn'ia
594 1891 719 1988 optimi
736 1889 947 1986 providique
967 1888 1058 1961 civis
1073 1911 1192 1985 opera,
1212 1911 1293 1961 nus·

160 2062 271 2135 quam
287 2044 524 2134 erumpentes
545 2037 678 2136 ubique
696 2045 817 2111 tamen
841 2035 973 2110 vivunt
990 2059 1032 2111 ac
1050 2037 1165 2111 veluti
1184 2036 1291 2133 scrip·

158 2189 209 2264 tis
239 2188 560 2262 submurmurant:

555 2374 640 2438 Mens
654 2373 749 2457 agitat
761 2375 881 2438 molem!
899 2422 907 2438 .
924 2423 931 2439 .
948 2421 956 2437 .

214 2549 267 2621 Sit
285 2548 409 2642 igitur,
432 2553 575 2642 propter
593 2546 689 2641 piam
711 2571 751 2618 ac
769 2547 1046 2643 pulcherrimam
1062 2547 1163 2620 illam
1183 2551 1296 2622 tristi·

160 2694 263 2784 tiam,
282 2701 471 2767 excusatus
485 2691 677 2765 Annalium
693 2699 835 2764 auctor:
859 2702 896 2765 at
910 2718 972 2767 nos
986 2694 1170 2768 doleamus
1183 2696 1290 2791 quod,
1369 2733 1373 2740 ·

161 2815 303 2937 proprio
323 2848 359 2912 et
384 2839 575 2935 aequalium
599 2840 637 2912 in
667 2838 819 2914 Caesares
850 2839 930 2913 odio
955 2842 1149 2936 malignius
1178 2842 1296 2916 indul·

161 3013 269 3084 gens,
310 2987 450 3059 Tiberio
490 2988 711 3084 funestisque
752 2988 851 3061 illius
886 2991 1106 3083 temporibus
1144 2993 1295 3087 speciem

160 3135 320 3209 induerit
346 3157 432 3206 vera
456 3133 564 3207 etiam
582 3134 806 3227 deteriorem,
828 3143 1099 3230 susceptumque
1124 3161 1145 3209 a
1164 3162 1200 3210 se
1219 3147 1294 3211 tam

161 3280 317 3354 civiliter
336 3304 423 3376 opus
450 3280 518 3353 sibi
539 3280 624 3353 adeo
644 3305 753 3377 grave
774 3305 815 3353 ac
833 3282 1033 3372 molestum,
1060 3285 1290 3380 posterisque,

160 3431 246 3502 licet
271 3430 543 3521 admirantibus,
573 3430 659 3504 adeo
677 3439 810 3504 tetrum
831 3455 872 3504 ac
893 3431 1044 3504 funebre
1073 3431 1290 3507 reddiderit!

777 3625 833 3676 Vidi
848 3642 876 3676 ac
889 3626 995 3694 perlegi,

618 3722 719 3774 Lutetiae
739 3722 890 3773 Parisiorum
909 3723 933 3773 in
952 3723 1076 3786 Sartona,

671 3834 694 3868 a.
710 3817 781 3869 d.1r.
797 3832 856 3869 non.
872 3819 943 3869 Mart.
959 3819 1062 3870 arnoll
1076 3820 1158 3873 DCCC
1171 3820 1241 3871 LXX

531 3915 663 3965 Faernrarss
677 3915 822 3967 Litterarum
838 3919 860 3990 in
875 3916 1005 3967 Academia
1021 3917 1152 3969 Parisicnsi
1166 3919 1291 3981 Decanus,

731 3992 734 3999 '
920 4013 1026 4063 mnu.

268 4095 343 4159 Typis
358 4093 496 4144 inundetur.

193 4189 327 4238 :lcadcrniu
348 4189 492 4239 l‘arisicnsis
512 4190 610 4249 Rector,

321 4284 351 4333 Λ,
372 4282 531 4336 arcumen.

772 4381 884 4445 Naresii,
899 4397 929 4435 ex
943 4383 1007 4450 typis
1020 4382 1151 4436 Sordoillet
1168 4391 1192 4437 et
1205 4385 1256 4439 fils.
