2926 4934
276 296 324 365 pa
747 294 799 344 on.
820 294 945 344 'suerro
987 306 990 313 ·

275 445 393 517 tribus
421 468 457 518 se
481 447 679 541 'aliquando
703 446 741 518 in
774 446 929 518 deterius
957 444 1091 518 mutari
1116 448 1229 544 posse,
1258 443 1416 538 dumque

279 598 418 686 optaret
437 616 472 664 se
492 593 658 688 intercipi
686 593 931 689 potiusquam
954 591 1144 688 corrumpi,
1166 582 1259 664 Deos
1282 590 1416 685 suppli-

278 756 375 810 cans·
389 746 431 810 ut
457 741 524 812 sibi
552 746 772 813 constantem
796 740 834 811 in
860 732 1028 834 periculis
1054 738 1225 828 animum,
1254 738 1415 832 quietam

163 980 166 985 Ι
279 893 433 969 mentem
452 894 488 958 et
507 885 655 957 humani
675 885 860 980 divinique
882 884 975 979 juris
994 906 1183 956 memorem
1214 890 1412 974 servarent,

278 1022 330 1104 ita
350 1040 392 1104 ut
412 1032 507 1127 apud
525 1039 684 1127 posteros
708 1055 729 1102 a
754 1031 950 1125 majoribus
968 1028 1067 1103 haud
1093 1028 1244 1126 degener
1270 1030 1415 1103 habere·

276 1189 338 1251 tur
350 1176 375 1249 ¹.
397 1179 529 1250 lterum
549 1177 684 1249 scilicet
704 1198 744 1248 ao
762 1183 960 1272 temporum
980 1175 1144 1268 callidus,
1161 1183 1312 1249 noverat
1330 1176 1416 1248 civi-

277 1327 376 1417 tatis,
398 1327 557 1399 moribus
572 1333 607 1397 et
627 1325 815 1397 concordia
839 1325 993 1397 carentis
1016 1346 1126 1419 eoque
1146 1323 1191 1395 ad
1211 1323 1410 1413 servitium,

277 1483 322 1549 ut
333 1475 414 1570 ¹ipse
442 1496 507 1546 nec
534 1472 640 1545 semel
661 1480 806 1568 questus
828 1479 894 1563 est,
922 1469 1096 1567 paraeae2,
1117 1478 1287 1543 rectorem
1305 1494 1415 1566 prope

275 1618 503 1694 ineluctabili
530 1621 666 1714 impetu
687 1619 732 1691 ad
761 1618 990 1715 tyrannidem
1018 1620 1127 1713 rapi:
1156 1627 1305 1690 nouerat
1330 1634 1416 1714 prae-

223 1804 230 1810 ·
278 1779 375 1843 terea
388 1767 525 1841 homini
541 1767 700 1857 cuilibet,
722 1773 851 1839 cuncta
864 1765 904 1836 in
918 1765 981 1838 illo
996 1765 1140 1860 fastigio
1160 1766 1204 1838 ad
1219 1767 1416 1861 explendas

242 1908 246 1915 ’
278 1940 361 1989 suas
390 1914 559 1987 libidines
584 1914 743 2008 undique
765 1918 929 2008 prompta
956 1912 1160 2007 reperienti,
1190 1914 1413 2006 servitutem,

278 2063 388 2133 etiam
403 2060 643 2154 subjectorum
662 2059 835 2132 servitute
853 2059 1062 2154 turpiorem,
1086 2059 1288 2154 impendere
1308 2086 1316 2134 :
1340 2063 1417 2156 qui·

280 2212 347 2281 bus
366 2230 448 2304 ergo
468 2217 546 2280 tum
572 2207 752 2303 periculis,
773 2214 852 2278 tum
874 2206 1051 2278 illecebris
1071 2231 1106 2280 se
1131 2209 1292 2281 resistere
1315 2232 1418 2303 posse

280 2356 429 2428 'minime
463 2354 652 2445 confidem,
686 2353 884 2450 priorisque
909 2352 1029 2426 laudis
1060 2355 1207 2447 anxiuS,
1240 2381 1305 2428 sua
1341 2356 1418 2452 ipsc

282 2507 433 2597 scelera,
470 2528 574 2577 suurn
605 2505 756 2578 dedecus
787 2503 864 2598 jam
900 2507 1190 2600 expavescebat:
1224 2514 1416 2600 paventem

280 2655 407 2750 utique
426 2652 594 2726 demersit
612 2653 840 2750 Principatus
858 2652 925 2725 illa
944 2653 1046 2748 quasi
1065 2653 1188 2725 fatalis
1207 2656 1358 2748 vertigo.

334 2803 547 2897 Quanquam
583 2826 646 2897 per
678 2802 857 2873 foeditates
890 2802 1037 2892 saltem,
1074 2812 1226 2897 quarum
1260 2802 1419 2896 imagine

285 2898 430 3024 Tacittls
456 2948 547 3021 sexti
571 2947 656 3020 libri
675 2946 859 3020 exordium
880 2948 1090 3038 macularit,
1113 2912 1294 3021 Tiberium
1314 2949 1420 3022 devo-

284 3098 402 3169 lutum
419 3119 577 3168 essenon
593 3095 803 3169 crediderim
819 3119 827 3167 :
850 3097 969 3167 obstat
989 3095 1071 3168 fidei
1092 3097 1185 3170 fessa
1202 3098 1296 3170 senis
1315 3105 1415 3189 aetas,

286 3253 402 3318 metus
432 3243 578 3336 assidui,
609 3249 819 3338 retentaque
847 3266 982 3340 semper
1012 3245 1071 3316 vel
1099 3243 1137 3316 in
1168 3244 1419 3341 voluptatibus

286 3390 514 3465 diffidentia:
538 3388 681 3463 videtur
701 3389 820 3486 potius
838 3391 948 3482 fama,
971 3390 1078 3463 tertio
1101 3391 1245 3483 Caesari,
1270 3391 1418 3488 imperi-

284 3548 385 3615 tante
401 3540 569 3636 TrajcnO,
586 3541 743 3614 maxime
758 3540 919 3634 adversa,
936 3541 1155 3638 Caprearum
1173 3543 1415 3636 solitudinem,

286 3691 525 3764 obscaenitatis
543 3687 735 3783 cujuslibet
752 3710 930 3783 capacem,
951 3686 1111 3783 vulgatis
1130 3690 1215 3763 olim
1231 3690 1326 3787 apud
1343 3693 1420 3765 Pri·

285 3860 399 3911 mores
426 3837 560 3910 civium
584 3835 732 3931 flagitiis
756 3797 996 3932 complevisse.
1018 3835 1146 3910 Nonne
1164 3838 1297 3911 Tiberii
1324 3838 1413 3930 vita,

294 4104 437 4218 ¹¹¹¹‘suec
467 4155 527 4218 no.
548 4106 666 4220 nxun.
688 4108 824 4231 ssssano.
872 4153 1153 4233 .·.,²Ann‚1n,65.
1355 4210 1358 4217 ,

286 4263 402 4336 rusa.
