2918 4920
601 764 624 931 Ἰ
708 817 770 887 iv.
829 760 835 777 ⁸

162 1070 340 1142 9999999,
372 1074 614 1129 9999999999
641 1080 822 1148 manuus,
852 1079 1029 1132 99999999
1056 1070 1291 1162 9999999999·Ι

650 1229 672 1277 u
698 1188 834 1280 999999.

214 1492 424 1592 Annalibus
458 1490 488 1591 si
523 1484 726 1611 credideris,
764 1520 996 1612 Tiberinae
979 1518 1045 1589 etsi
998 1512 1315 1589 tvalidissimis

180 1664 410 1737 munimentis
443 1665 664 1739 insistentem
694 1692 738 1763 po
740 1634 891 1740 tentiam
926 1642 1143 1760 accepisset,
1181 1631 1316 1731 attritis

183 1811 317 1903 pridem
337 1786 573 1906 Optimatium
593 1814 743 1905 viribus,
767 1838 896 1885 novam
913 1811 1023 1885 servit
1008 1819 1123 1883 tutem
1137 1809 1239 1907 plebe
1254 1833 1317 1903 per

185 1956 376 2030 secordiam
396 1959 592 2053 complexa,
610 1984 673 2032 999
690 1959 929 2031 abnuentibus
944 1956 1149 2052 provinciis
1167 1955 1316 2050 pellecta
1339 1941 1341 1946 ¹

182 2125 242 2196 per
261 2102 357 2206 dona
376 2105 504 2195 milite,
535 2076 672 2178 cunctis
691 2105 871 2233 denique
858 2129 960 2200 Jussa
979 2105 1155 2199 Principis
1174 2102 1316 2196 adspec

181 2253 357 2343 tentibus,
378 2261 512 2342 tamen,
534 2253 703 2379 ingenitae
717 2222 871 2383 perfidiae
890 2253 1093 2353 indulgens,
1110 2250 1222 2323 oblati
1241 2274 1318 2322 cne-

182 2396 231 2469 ris
248 2396 341 2469 mole
360 2398 591 2470 conterritum
618 2422 654 2469 se
673 2407 709 2471 et
728 2372 934 2493 ambiguum
960 2397 1160 2493 imperandi
1177 2396 1318 2468 simula-

184 2543 248 2636 vit,
282 2567 353 2639 quo
372 2542 512 2643 certius
519 2513 708 2616 Procerum
726 2516 930 2616 voluntates
949 2544 1195 2639 introspiceret
1224 2545 1319 2614 futu-

184 2714 361 2787 rasqueJ
347 2689 424 2783 jam
456 2691 652 2765 destinaret
683 2663 883 2797 9999999999
921 2692 1143 2787 suspicacem
1168 2716 1252 2763 verc
1283 2664 1318 2763 et

190 2842 337 2912 anxium
355 2840 532 2912 exstitisse
549 2823 706 2934 Augusti
726 2863 956 2913 successorem
978 2864 1078 2912 nemo
1098 2864 1240 2935 prorsus
1258 2839 1319 2910 mi-

169 2966 351 3077 rabitur,
392 2987 583 3060 dummodo
621 2987 705 3058 vita
738 2996 910 3059 anteactae
942 2965 1102 3059 miserias
1132 3011 1254 3059 rursus
1284 2996 1319 3057 et

183 3158 284 3209 casus
309 3143 462 3230 reputet,
494 3133 745 3229 praesentisque
782 3134 1040 3228 magnitudinis
1063 3117 1215 3230 praeceps
1240 3135 1318 3206 des·

183 3281 335 3409 pexerit
369 3281 492 3355 Prima
509 3281 643 3354 scilicet
660 3283 704 3352 ab
733 3281 889 3354 infantia
914 3282 992 3354 neci
1012 3278 1203 3375 objectus2,
1235 3281 1318 3353 dein

183 3450 331 3501 uxorem
363 3427 530 3501 dilectam
563 3400 741 3499 dimittere
770 3401 806 3549 et
838 3450 917 3531 9999
944 3429 995 3499 919
980 3436 1070 3517 9999,
1103 3427 1163 3544 sed
1192 3426 1318 3498 infami

184 3577 419 3697 superbaque,
453 3575 580 3646 virere
600 3583 753 3703 coactus,
769 3544 851 3646 mcii
866 3575 904 3646 in
920 3575 1072 3685 insulam
1095 3572 1227 3666 ejectus
1248 3559 1317 3668 quc

183 3723 332 3828 facile
307 3722 425 3793 sicarii
444 3710 679 3815 9999999999,
700 3716 978 3853 propinquorum
999 3732 1035 3794 et
1052 3723 1162 3818 ipsius
1177 3721 1242 3792 filii
1261 3725 1318 3792 vo-

184 3848 362 3940 lunt'atern
378 3854 502 3963 expert
499 3893 545 3939 us
486 3868 765 3959 tadversam,
796 3877 877 3940 9999
878 3869 975 3962 inuis
1006 3870 1259 3941 acerbitatibus
1278 3893 1318 3941 ec

187 4017 345 4109 asperius
364 4015 580 4087 dilaceratus
598 4025 687 4097 erat,
711 4040 779 4109 quc
794 4019 907 4109 inagis
926 4017 1115 4088 reconditae
1130 4027 1165 4089 et
1183 4043 1319 4112 prospe-

229 4279 235 4316 ¹
254 4282 330 4343 Anu.
347 4281 368 4356 l,
385 4276 455 4356 9-9,
472 4296 499 4357 7.
592 4350 596 4357 Ι
820 4278 934 4336 25999
950 4275 1012 4337 lid.
1031 4275 1080 4338 Vl.

1164 4384 1178 4438 3
