<?xml version="1.0" encoding="UTF-8"?>
<!DOCTYPE html PUBLIC "-//W3C//DTD XHTML 1.0 Transitional//EN"
    "http://www.w3.org/TR/xhtml1/DTD/xhtml1-transitional.dtd">
<html xmlns="http://www.w3.org/1999/xhtml" xml:lang="en" lang="en">
 <head>
  <title>
</title>
<meta http-equiv="Content-Type" content="text/html;charset=utf-8" />
  <meta name='ocr-system' content='tesseract 3.04.00' />
  <meta name='ocr-capabilities' content='ocr_page ocr_carea ocr_par ocr_line ocrx_word'/>
</head>
<body>
  <div class='ocr_page' id='page_1' title='image "./detacitiadenarr01duchgoog_0065.png"; bbox 0 0 2926 4934; ppageno 0'>
   <div class='ocr_carea' id='block_1_1' title="bbox 237 275 1399 668">
    <p class='ocr_par' dir='ltr' id='par_1_1' title="bbox 237 275 1399 668">
     <span class='ocr_line' id='line_1_1' title="bbox 243 275 902 361; baseline 0.003 -17"><span class='ocrx_word' id='word_1_1' title='bbox 243 275 288 347; x_wconf 71' lang='lat'>:52</span> <span class='ocrx_word' id='word_1_2' title='bbox 704 301 751 361; x_wconf 77' lang='lat' dir='ltr'>nn</span> <span class='ocrx_word' id='word_1_3' title='bbox 777 298 902 361; x_wconf 67' lang='lat' dir='ltr'>numen</span> 
     </span>
     <span class='ocr_line' id='line_1_2' title="bbox 238 424 1399 535; baseline 0.008 -32"><span class='ocrx_word' id='word_1_4' title='bbox 238 448 365 519; x_wconf 82' lang='lat' dir='ltr'>noque</span> <span class='ocrx_word' id='word_1_5' title='bbox 377 424 577 515; x_wconf 74' lang='lat' dir='ltr'>coercitam,</span> <span class='ocrx_word' id='word_1_6' title='bbox 598 431 641 497; x_wconf 90' lang='lat' dir='ltr'>ut</span> <span class='ocrx_word' id='word_1_7' title='bbox 655 425 811 517; x_wconf 72' lang='lat' dir='ltr'>dearum,</span> <span class='ocrx_word' id='word_1_8' title='bbox 825 425 1373 535; x_wconf 69' lang='lat' dir='ltr'>marsim-adolescerentardoqne</span> <span class='ocrx_word' id='word_1_9' title='bbox 1395 472 1399 478; x_wconf 95' lang='lat'>·</span> 
     </span>
     <span class='ocr_line' id='line_1_3' title="bbox 237 572 1375 668; baseline 0.001 -24"><span class='ocrx_word' id='word_1_10' title='bbox 237 572 299 649; x_wconf 89' lang='lat' dir='ltr'>sed</span> <span class='ocrx_word' id='word_1_11' title='bbox 319 572 479 663; x_wconf 73' lang='lat' dir='ltr'><strong>certiore,</strong></span> <span class='ocrx_word' id='word_1_12' title='bbox 502 575 694 668; x_wconf 75' lang='lat' dir='ltr'>subrepens</span> <span class='ocrx_word' id='word_1_13' title='bbox 712 573 839 666; x_wconf 73' lang='lat' dir='ltr'>gradu,</span> <span class='ocrx_word' id='word_1_14' title='bbox 859 579 987 655; x_wconf 72' lang='lat' dir='ltr'>ccrpcta</span> <span class='ocrx_word' id='word_1_15' title='bbox 1002 573 1249 657; x_wconf 74' lang='lat' dir='ltr'>vehementius</span> <span class='ocrx_word' id='word_1_16' title='bbox 1266 575 1375 653; x_wconf 69' lang='lat' dir='ltr'>cerri.</span> 
     </span>
    </p>
   </div>
   <div class='ocr_carea' id='block_1_2' title="bbox 237 715 1448 812">
    <p class='ocr_par' dir='ltr' id='par_1_2' title="bbox 237 715 1448 812">
     <span class='ocr_line' id='line_1_4' title="bbox 237 715 1448 812; baseline 0.004 -25"><span class='ocrx_word' id='word_1_17' title='bbox 237 719 343 812; x_wconf 85' lang='lat' dir='ltr'>piat:</span> <span class='ocrx_word' id='word_1_18' title='bbox 368 717 452 789; x_wconf 89' lang='lat' dir='ltr'>hinc</span> <span class='ocrx_word' id='word_1_19' title='bbox 479 717 641 804; x_wconf 83' lang='lat' dir='ltr'>Tiberius</span> <span class='ocrx_word' id='word_1_20' title='bbox 660 742 699 803; x_wconf 65' lang='lat'>{³0</span> <span class='ocrx_word' id='word_1_21' title='bbox 719 715 819 812; x_wconf 77' lang='lat' dir='ltr'>Pejne</span> <span class='ocrx_word' id='word_1_22' title='bbox 842 716 984 805; x_wconf 73' lang='lat' dir='ltr'>ridetur</span> <span class='ocrx_word' id='word_1_23' title='bbox 1013 741 1082 811; x_wconf 88' lang='lat' dir='ltr'>quo</span> <span class='ocrx_word' id='word_1_24' title='bbox 1112 719 1375 806; x_wconf 69' lang='lat' dir='ltr'>clementiorem</span> <span class='ocrx_word' id='word_1_25' title='bbox 1445 766 1448 773; x_wconf 38' lang='grc' dir='ltr'>ι</span> 
     </span>
    </p>
   </div>
   <div class='ocr_carea' id='block_1_3' title="bbox 234 865 1376 1406">
    <p class='ocr_par' dir='ltr' id='par_1_3' title="bbox 234 865 1376 1406">
     <span class='ocr_line' id='line_1_5' title="bbox 238 865 1376 962; baseline 0.002 -25"><span class='ocrx_word' id='word_1_26' title='bbox 238 889 274 938; x_wconf 89' lang='lat' dir='ltr'>se</span> <span class='ocrx_word' id='word_1_27' title='bbox 293 865 463 960; x_wconf 68' lang='lat' dir='ltr'>praebetl.</span> <span class='ocrx_word' id='word_1_28' title='bbox 488 866 556 940; x_wconf 81' lang='lat' dir='ltr'>Sed</span> <span class='ocrx_word' id='word_1_29' title='bbox 575 866 634 938; x_wconf 91' lang='lat' dir='ltr'>hic</span> <span class='ocrx_word' id='word_1_30' title='bbox 653 890 795 960; x_wconf 76' lang='lat' dir='ltr'>quoque</span> <span class='ocrx_word' id='word_1_31' title='bbox 817 866 973 959; x_wconf 79' lang='lat' dir='ltr'>plurima</span> <span class='ocrx_word' id='word_1_32' title='bbox 990 890 1070 951; x_wconf 85' lang='lat' dir='ltr'>cum</span> <span class='ocrx_word' id='word_1_33' title='bbox 1091 867 1155 951; x_wconf 80' lang='lat' dir='ltr'>illc</span> <span class='ocrx_word' id='word_1_34' title='bbox 1173 867 1376 962; x_wconf 69' lang='lat' dir='ltr'>tyrannidis</span> 
     </span>
     <span class='ocr_line' id='line_1_6' title="bbox 236 1012 1376 1113; baseline 0.002 -28"><span class='ocrx_word' id='word_1_35' title='bbox 236 1023 404 1110; x_wconf 87' lang='lat' dir='ltr'>concepto</span> <span class='ocrx_word' id='word_1_36' title='bbox 434 1012 513 1113; x_wconf 85' lang='lat' dir='ltr'>jam</span> <span class='ocrx_word' id='word_1_37' title='bbox 545 1013 691 1097; x_wconf 83' lang='lat' dir='ltr'>consilio</span> <span class='ocrx_word' id='word_1_38' title='bbox 727 1013 874 1093; x_wconf 87' lang='lat' dir='ltr'>minime</span> <span class='ocrx_word' id='word_1_39' title='bbox 906 1016 1125 1095; x_wconf 84' lang='lat' dir='ltr'>conveniunt</span> <span class='ocrx_word' id='word_1_40' title='bbox 1156 1038 1164 1085; x_wconf 74' lang='grc' dir='ltr'>ε</span> <span class='ocrx_word' id='word_1_41' title='bbox 1204 1015 1376 1099; x_wconf 81' lang='lat' dir='ltr'>debuitne</span> 
     </span>
     <span class='ocr_line' id='line_1_7' title="bbox 236 1162 1376 1255; baseline 0.002 -18"><span class='ocrx_word' id='word_1_42' title='bbox 236 1163 304 1241; x_wconf 84' lang='lat' dir='ltr'>iste</span> <span class='ocrx_word' id='word_1_43' title='bbox 328 1163 469 1235; x_wconf 78' lang='lat' dir='ltr'>effrenae</span> <span class='ocrx_word' id='word_1_44' title='bbox 497 1162 720 1235; x_wconf 77' lang='lat' dir='ltr'>crudelitatis</span> <span class='ocrx_word' id='word_1_45' title='bbox 738 1163 929 1245; x_wconf 72' lang='lat' dir='ltr'>meditator</span> <span class='ocrx_word' id='word_1_46' title='bbox 954 1164 1110 1255; x_wconf 85' lang='lat' dir='ltr'>vinculis</span> <span class='ocrx_word' id='word_1_47' title='bbox 1134 1166 1229 1243; x_wconf 91' lang='lat' dir='ltr'>ultro</span> <span class='ocrx_word' id='word_1_48' title='bbox 1255 1189 1291 1239; x_wconf 86' lang='lat' dir='ltr'>sc</span> <span class='ocrx_word' id='word_1_49' title='bbox 1312 1165 1376 1247; x_wconf 67' lang='lat' dir='ltr'>im:</span> 
     </span>
     <span class='ocr_line' id='line_1_8' title="bbox 234 1290 1376 1406; baseline 0 -21"><span class='ocrx_word' id='word_1_50' title='bbox 234 1311 369 1406; x_wconf 85' lang='lat' dir='ltr'>pedire,</span> <span class='ocrx_word' id='word_1_51' title='bbox 393 1312 584 1393; x_wconf 79' lang='lat' dir='ltr'>decernens</span> <span class='ocrx_word' id='word_1_52' title='bbox 606 1335 651 1383; x_wconf 89' lang='lat' dir='ltr'>ne</span> <span class='ocrx_word' id='word_1_53' title='bbox 675 1311 837 1395; x_wconf 77' lang='lat' dir='ltr'>damuati</span> <span class='ocrx_word' id='word_1_54' title='bbox 857 1311 1032 1383; x_wconf 89' lang='lat' dir='ltr'>decimum</span> <span class='ocrx_word' id='word_1_55' title='bbox 1053 1313 1249 1385; x_wconf 86' lang='lat' dir='ltr'>antediem</span> <span class='ocrx_word' id='word_1_56' title='bbox 1275 1290 1376 1403; x_wconf 68' lang='lat' dir='ltr'>neca,-</span> 
     </span>
    </p>
   </div>
   <div class='ocr_carea' id='block_1_4' title="bbox 233 1455 1373 1556">
    <p class='ocr_par' dir='ltr' id='par_1_4' title="bbox 233 1455 1373 1556">
     <span class='ocr_line' id='line_1_9' title="bbox 233 1455 1373 1556; baseline 0.003 -25"><span class='ocrx_word' id='word_1_57' title='bbox 233 1455 412 1531; x_wconf 76' lang='lat' dir='ltr'>rentur2‘l</span> <span class='ocrx_word' id='word_1_58' title='bbox 440 1459 567 1539; x_wconf 83' lang='lat' dir='ltr'>Nonne</span> <span class='ocrx_word' id='word_1_59' title='bbox 589 1459 700 1554; x_wconf 81' lang='lat' dir='ltr'>igitur</span> <span class='ocrx_word' id='word_1_60' title='bbox 724 1458 862 1551; x_wconf 82' lang='lat' dir='ltr'>judicia</span> <span class='ocrx_word' id='word_1_61' title='bbox 888 1459 953 1531; x_wconf 86' lang='lat' dir='ltr'>illa</span> <span class='ocrx_word' id='word_1_62' title='bbox 974 1459 1187 1553; x_wconf 84' lang='lat' dir='ltr'>Majestatis‚</span> <span class='ocrx_word' id='word_1_63' title='bbox 1209 1486 1288 1556; x_wconf 81' lang='lat' dir='ltr'>quae</span> <span class='ocrx_word' id='word_1_64' title='bbox 1313 1461 1373 1539; x_wconf 78' lang='lat' dir='ltr'>se,-</span> 
     </span>
    </p>
   </div>
   <div class='ocr_carea' id='block_1_5' title="bbox 110 1605 1376 1713">
    <p class='ocr_par' dir='ltr' id='par_1_5' title="bbox 110 1605 1376 1713">
     <span class='ocr_line' id='line_1_10' title="bbox 110 1605 1376 1713; baseline 0.007 -37"><span class='ocrx_word' id='word_1_65' title='bbox 110 1644 112 1648; x_wconf 39' lang='lat'><em>⁷</em></span> <span class='ocrx_word' id='word_1_66' title='bbox 234 1606 413 1677; x_wconf 70' lang='lat' dir='ltr'>carradatus</span> <span class='ocrx_word' id='word_1_67' title='bbox 431 1613 551 1679; x_wconf 88' lang='lat' dir='ltr'>noster</span> <span class='ocrx_word' id='word_1_68' title='bbox 559 1605 587 1698; x_wconf 78' lang='lat'>5,</span> <span class='ocrx_word' id='word_1_69' title='bbox 609 1607 785 1690; x_wconf 86' lang='lat' dir='ltr'>libentius¹</span> <span class='ocrx_word' id='word_1_70' title='bbox 804 1607 925 1691; x_wconf 76' lang='lat' dir='ltr'>Tacito</span> <span class='ocrx_word' id='word_1_71' title='bbox 951 1609 1159 1698; x_wconf 88' lang='lat' dir='ltr'>assentiens,</span> <span class='ocrx_word' id='word_1_72' title='bbox 1197 1609 1376 1713; x_wconf 62' lang='lat' dir='ltr'>vituperer</span> 
     </span>
    </p>
   </div>
   <div class='ocr_carea' id='block_1_6' title="bbox 180 1752 1375 1855">
    <p class='ocr_par' dir='ltr' id='par_1_6' title="bbox 180 1752 1375 1855">
     <span class='ocr_line' id='line_1_11' title="bbox 180 1752 1375 1855; baseline 0.003 -34"><span class='ocrx_word' id='word_1_73' title='bbox 180 1767 183 1775; x_wconf 88' lang='grc'><strong><em>·</em></strong></span> <span class='ocrx_word' id='word_1_74' title='bbox 233 1752 300 1842; x_wconf 86' lang='lat' dir='ltr'>vit,</span> <span class='ocrx_word' id='word_1_75' title='bbox 318 1753 368 1836; x_wconf 48' lang='lat' dir='ltr'>‚ab</span> <span class='ocrx_word' id='word_1_76' title='bbox 390 1753 464 1847; x_wconf 87' lang='lat' dir='ltr'>ipsc</span> <span class='ocrx_word' id='word_1_77' title='bbox 484 1752 652 1825; x_wconf 89' lang='lat' dir='ltr'>historico</span> <span class='ocrx_word' id='word_1_78' title='bbox 677 1753 845 1847; x_wconf 84' lang='lat' dir='ltr'>perfidius</span> <span class='ocrx_word' id='word_1_79' title='bbox 865 1779 978 1855; x_wconf 85' lang='lat' dir='ltr'>quam</span> <span class='ocrx_word' id='word_1_80' title='bbox 995 1778 1015 1824; x_wconf 86' lang='lat' dir='ltr'>a</span> <span class='ocrx_word' id='word_1_81' title='bbox 1033 1755 1199 1851; x_wconf 80' lang='lat' dir='ltr'>Principe</span> <span class='ocrx_word' id='word_1_82' title='bbox 1218 1763 1375 1838; x_wconf 70' lang='lat' dir='ltr'>tractate</span> 
     </span>
    </p>
   </div>
   <div class='ocr_carea' id='block_1_7' title="bbox 232 1897 396 1971">
    <p class='ocr_par' dir='ltr' id='par_1_7' title="bbox 232 1897 396 1971">
     <span class='ocr_line' id='line_1_12' title="bbox 232 1897 396 1971; baseline -0.006 -1"><span class='ocrx_word' id='word_1_83' title='bbox 232 1897 396 1971; x_wconf 78' lang='lat' dir='ltr'>dixeris?</span> 
     </span>
    </p>
   </div>
   <div class='ocr_carea' id='block_1_8' title="bbox 165 2203 1436 3775">
    <p class='ocr_par' dir='ltr' id='par_1_8' title="bbox 165 2203 1436 3775">
     <span class='ocr_line' id='line_1_13' title="bbox 283 2203 1436 2314; baseline 0.002 -36"><span class='ocrx_word' id='word_1_84' title='bbox 283 2205 351 2278; x_wconf 79' lang='lat' dir='ltr'>Sed</span> <span class='ocrx_word' id='word_1_85' title='bbox 384 2205 541 2281; x_wconf 84' lang='lat' dir='ltr'>maxime</span> <span class='ocrx_word' id='word_1_86' title='bbox 571 2203 721 2277; x_wconf 79' lang='lat' dir='ltr'>subtiles</span> <span class='ocrx_word' id='word_1_87' title='bbox 754 2227 795 2275; x_wconf 89' lang='lat' dir='ltr'>ac</span> <span class='ocrx_word' id='word_1_88' title='bbox 821 2203 1027 2314; x_wconf 84' lang='lat' dir='ltr'>splendidas</span> <span class='ocrx_word' id='word_1_89' title='bbox 1055 2213 1149 2279; x_wconf 85' lang='lat' dir='ltr'>artes</span> <span class='ocrx_word' id='word_1_90' title='bbox 1180 2204 1368 2300; x_wconf 76' lang='lat' dir='ltr'>explicuit,</span> <span class='ocrx_word' id='word_1_91' title='bbox 1431 2208 1436 2213; x_wconf 78' lang='grc'><strong>’</strong></span> 
     </span>
     <span class='ocr_line' id='line_1_14' title="bbox 207 2349 1370 2450; baseline 0.002 -25"><span class='ocrx_word' id='word_1_92' title='bbox 207 2353 271 2448; x_wconf 87' lang='lat' dir='ltr'>in</span> <span class='ocrx_word' id='word_1_93' title='bbox 290 2351 501 2425; x_wconf 88' lang='lat' dir='ltr'>enarrandis</span> <span class='ocrx_word' id='word_1_94' title='bbox 527 2373 761 2446; x_wconf 75' lang='lat' dir='ltr'>quacumque.</span> <span class='ocrx_word' id='word_1_95' title='bbox 780 2372 884 2441; x_wconf 77' lang='lat' dir='ltr'>¹surim</span> <span class='ocrx_word' id='word_1_96' title='bbox 911 2350 956 2421; x_wconf 88' lang='lat' dir='ltr'>ad</span> <span class='ocrx_word' id='word_1_97' title='bbox 980 2349 1231 2427; x_wconf 86' lang='lat' dir='ltr'>Germanicum</span> <span class='ocrx_word' id='word_1_98' title='bbox 1258 2357 1370 2450; x_wconf 82' lang='lat' dir='ltr'>perti-</span> 
     </span>
     <span class='ocr_line' id='line_1_15' title="bbox 232 2496 1371 2597; baseline 0.007 -26"><span class='ocrx_word' id='word_1_99' title='bbox 232 2508 371 2573; x_wconf 87' lang='lat' dir='ltr'>nerent.</span> <span class='ocrx_word' id='word_1_100' title='bbox 402 2501 522 2589; x_wconf 84' lang='lat' dir='ltr'>Hunc,</span> <span class='ocrx_word' id='word_1_101' title='bbox 552 2498 730 2571; x_wconf 85' lang='lat' dir='ltr'>libertatis</span> <span class='ocrx_word' id='word_1_102' title='bbox 755 2496 862 2567; x_wconf 83' lang='lat' dir='ltr'>facile</span> <span class='ocrx_word' id='word_1_103' title='bbox 880 2498 1126 2591; x_wconf 87' lang='lat' dir='ltr'>promissorem</span> <span class='ocrx_word' id='word_1_104' title='bbox 1149 2502 1298 2597; x_wconf 89' lang='lat' dir='ltr'>ideoque</span> <span class='ocrx_word' id='word_1_105' title='bbox 1316 2511 1371 2583; x_wconf 88' lang='lat' dir='ltr'>tot</span> 
     </span>
     <span class='ocr_line' id='line_1_16' title="bbox 232 2644 1370 2747; baseline 0.001 -29"><span class='ocrx_word' id='word_1_106' title='bbox 232 2648 327 2730; x_wconf 84' lang='lat' dir='ltr'>votis</span> <span class='ocrx_word' id='word_1_107' title='bbox 350 2648 395 2722; x_wconf 91' lang='lat' dir='ltr'>ad</span> <span class='ocrx_word' id='word_1_108' title='bbox 418 2647 576 2742; x_wconf 84' lang='lat' dir='ltr'>regimen</span> <span class='ocrx_word' id='word_1_109' title='bbox 597 2645 736 2741; x_wconf 80' lang='lat' dir='ltr'>generis</span> <span class='ocrx_word' id='word_1_110' title='bbox 758 2644 908 2722; x_wconf 84' lang='lat' dir='ltr'>humani</span> <span class='ocrx_word' id='word_1_111' title='bbox 928 2654 1109 2741; x_wconf 78' lang='lat' dir='ltr'>vocatum,</span> <span class='ocrx_word' id='word_1_112' title='bbox 1129 2649 1284 2747; x_wconf 80' lang='lat' dir='ltr'>Tacitus,</span> <span class='ocrx_word' id='word_1_113' title='bbox 1307 2675 1370 2746; x_wconf 77' lang='lat' dir='ltr'>per</span> 
     </span>
     <span class='ocr_line' id='line_1_17' title="bbox 231 2793 1370 2894; baseline 0.005 -25"><span class='ocrx_word' id='word_1_114' title='bbox 231 2798 363 2894; x_wconf 89' lang='lat' dir='ltr'>primos</span> <span class='ocrx_word' id='word_1_115' title='bbox 387 2795 575 2871; x_wconf 74' lang='lat' dir='ltr'>Annalium</span> <span class='ocrx_word' id='word_1_116' title='bbox 592 2794 714 2884; x_wconf 75' lang='lat' dir='ltr'>libroS,</span> <span class='ocrx_word' id='word_1_117' title='bbox 736 2793 855 2867; x_wconf 89' lang='lat' dir='ltr'>oculos</span> <span class='ocrx_word' id='word_1_118' title='bbox 876 2801 959 2869; x_wconf 85' lang='lat' dir='ltr'>ante</span> <span class='ocrx_word' id='word_1_119' title='bbox 979 2802 1121 2871; x_wconf 78' lang='lat' dir='ltr'>nostros,</span> <span class='ocrx_word' id='word_1_120' title='bbox 1135 2803 1211 2873; x_wconf 84' lang='lat' dir='ltr'>tam</span> <span class='ocrx_word' id='word_1_121' title='bbox 1230 2799 1370 2875; x_wconf 72' lang='lat' dir='ltr'>assidue</span> 
     </span>
     <span class='ocr_line' id='line_1_18' title="bbox 230 2940 1369 3041; baseline -0.003 -21"><span class='ocrx_word' id='word_1_122' title='bbox 230 2945 383 3036; x_wconf 88' lang='lat' dir='ltr'>reducit,</span> <span class='ocrx_word' id='word_1_123' title='bbox 406 2943 547 3017; x_wconf 87' lang='lat' dir='ltr'>tamdiu</span> <span class='ocrx_word' id='word_1_124' title='bbox 565 2942 708 3030; x_wconf 88' lang='lat' dir='ltr'>retinet,</span> <span class='ocrx_word' id='word_1_125' title='bbox 738 2940 837 3017; x_wconf 88' lang='lat' dir='ltr'>illius</span> <span class='ocrx_word' id='word_1_126' title='bbox 862 2964 1030 3035; x_wconf 85' lang='lat' dir='ltr'>prospera</span> <span class='ocrx_word' id='word_1_127' title='bbox 1049 2941 1099 3013; x_wconf 91' lang='lat' dir='ltr'>sic</span> <span class='ocrx_word' id='word_1_128' title='bbox 1118 2944 1272 3037; x_wconf 78' lang='lat' dir='ltr'>extollit,</span> <span class='ocrx_word' id='word_1_129' title='bbox 1293 2953 1369 3041; x_wconf 77' lang='lat' dir='ltr'>tam</span> 
     </span>
     <span class='ocr_line' id='line_1_19' title="bbox 230 3087 1369 3189; baseline 0.004 -22"><span class='ocrx_word' id='word_1_130' title='bbox 230 3095 389 3189; x_wconf 85' lang='lat' dir='ltr'>impense</span> <span class='ocrx_word' id='word_1_131' title='bbox 414 3098 561 3167; x_wconf 81' lang='lat' dir='ltr'>excusat</span> <span class='ocrx_word' id='word_1_132' title='bbox 583 3091 744 3179; x_wconf 87' lang='lat' dir='ltr'>adversa,</span> <span class='ocrx_word' id='word_1_133' title='bbox 766 3096 808 3163; x_wconf 89' lang='lat' dir='ltr'>ut</span> <span class='ocrx_word' id='word_1_134' title='bbox 834 3087 1066 3164; x_wconf 83' lang='lat' dir='ltr'>Germanicus</span> <span class='ocrx_word' id='word_1_135' title='bbox 1083 3099 1183 3167; x_wconf 86' lang='lat' dir='ltr'>trans</span> <span class='ocrx_word' id='word_1_136' title='bbox 1205 3094 1369 3173; x_wconf 82' lang='lat' dir='ltr'>Rhenum</span> 
     </span>
     <span class='ocr_line' id='line_1_20' title="bbox 233 3234 1367 3334; baseline 0 -21"><span class='ocrx_word' id='word_1_137' title='bbox 233 3266 273 3314; x_wconf 86' lang='lat' dir='ltr'>ae</span> <span class='ocrx_word' id='word_1_138' title='bbox 300 3239 496 3334; x_wconf 82' lang='lat' dir='ltr'>Visurgim,</span> <span class='ocrx_word' id='word_1_139' title='bbox 520 3237 614 3333; x_wconf 92' lang='lat' dir='ltr'>apud</span> <span class='ocrx_word' id='word_1_140' title='bbox 642 3234 807 3307; x_wconf 87' lang='lat' dir='ltr'>horridas</span> <span class='ocrx_word' id='word_1_141' title='bbox 832 3243 966 3329; x_wconf 79' lang='lat' dir='ltr'>gentes,</span> <span class='ocrx_word' id='word_1_142' title='bbox 996 3237 1149 3327; x_wconf 81' lang='lat' dir='ltr'>uictoria</span> <span class='ocrx_word' id='word_1_143' title='bbox 1175 3240 1367 3330; x_wconf 86' lang='lat' dir='ltr'>exercitus,</span> 
     </span>
     <span class='ocr_line' id='line_1_21' title="bbox 165 3381 1369 3483; baseline 0.001 -19"><span class='ocrx_word' id='word_1_144' title='bbox 165 3454 170 3464; x_wconf 95' lang='lat'>.</span> <span class='ocrx_word' id='word_1_145' title='bbox 230 3389 350 3483; x_wconf 87' lang='lat' dir='ltr'>potius</span> <span class='ocrx_word' id='word_1_146' title='bbox 381 3410 490 3482; x_wconf 87' lang='lat' dir='ltr'>quam</span> <span class='ocrx_word' id='word_1_147' title='bbox 516 3384 686 3476; x_wconf 87' lang='lat' dir='ltr'>Princeps</span> <span class='ocrx_word' id='word_1_148' title='bbox 711 3381 832 3472; x_wconf 80' lang='lat' dir='ltr'>Romae</span> <span class='ocrx_word' id='word_1_149' title='bbox 861 3381 1048 3460; x_wconf 71' lang='lat' dir='ltr'>sedasset</span> <span class='ocrx_word' id='word_1_150' title='bbox 1080 3386 1190 3462; x_wconf 77' lang='lat' dir='ltr'>uerba</span> <span class='ocrx_word' id='word_1_151' title='bbox 1218 3387 1369 3465; x_wconf 82' lang='lat' dir='ltr'>Petrum</span> 
     </span>
     <span class='ocr_line' id='line_1_22' title="bbox 232 3527 1364 3631; baseline -0.001 -24"><span class='ocrx_word' id='word_1_152' title='bbox 232 3535 422 3623; x_wconf 86' lang='lat' dir='ltr'>cavillans,</span> <span class='ocrx_word' id='word_1_153' title='bbox 454 3554 537 3603; x_wconf 83' lang='lat' dir='ltr'>vere</span> <span class='ocrx_word' id='word_1_154' title='bbox 556 3527 775 3625; x_wconf 88' lang='lat' dir='ltr'>principales</span> <span class='ocrx_word' id='word_1_155' title='bbox 799 3527 894 3601; x_wconf 84' lang='lat' dir='ltr'>vices</span> <span class='ocrx_word' id='word_1_156' title='bbox 919 3527 1074 3621; x_wconf 74' lang='lat' dir='ltr'>explere,</span> <span class='ocrx_word' id='word_1_157' title='bbox 1104 3554 1364 3631; x_wconf 78' lang='lat' dir='ltr'>summumque,</span> 
     </span>
     <span class='ocr_line' id='line_1_23' title="bbox 228 3676 1363 3775; baseline 0.004 -21"><span class='ocrx_word' id='word_1_158' title='bbox 228 3690 307 3755; x_wconf 89' lang='lat' dir='ltr'>tum</span> <span class='ocrx_word' id='word_1_159' title='bbox 326 3682 366 3753; x_wconf 90' lang='lat' dir='ltr'>in</span> <span class='ocrx_word' id='word_1_160' title='bbox 384 3680 549 3775; x_wconf 86' lang='lat' dir='ltr'>imperio,</span> <span class='ocrx_word' id='word_1_161' title='bbox 570 3686 649 3751; x_wconf 89' lang='lat' dir='ltr'>tum</span> <span class='ocrx_word' id='word_1_162' title='bbox 664 3676 835 3770; x_wconf 86' lang='lat' dir='ltr'>inopere,</span> <span class='ocrx_word' id='word_1_163' title='bbox 857 3676 974 3775; x_wconf 68' lang='lat' dir='ltr'>lecum</span> <span class='ocrx_word' id='word_1_164' title='bbox 993 3677 1153 3753; x_wconf 75' lang='lat' dir='ltr'>occinere</span> <span class='ocrx_word' id='word_1_165' title='bbox 1171 3681 1363 3775; x_wconf 84' lang='lat' dir='ltr'>videatur:</span> 
     </span>
    </p>
   </div>
   <div class='ocr_carea' id='block_1_9' title="bbox 229 3822 1362 3926">
    <p class='ocr_par' dir='ltr' id='par_1_9' title="bbox 229 3822 1362 3926">
     <span class='ocr_line' id='line_1_24' title="bbox 229 3822 1362 3926; baseline 0 -22"><span class='ocrx_word' id='word_1_166' title='bbox 229 3832 375 3926; x_wconf 84' lang='lat' dir='ltr'>singula</span> <span class='ocrx_word' id='word_1_167' title='bbox 389 3851 538 3925; x_wconf 80' lang='lat' dir='ltr'>quaeque</span> <span class='ocrx_word' id='word_1_168' title='bbox 551 3822 753 3901; x_wconf 81' lang='lat' dir='ltr'>Germanici</span> <span class='ocrx_word' id='word_1_169' title='bbox 766 3823 956 3897; x_wconf 84' lang='lat' dir='ltr'>detrahens</span> <span class='ocrx_word' id='word_1_170' title='bbox 970 3827 1169 3903; x_wconf 86' lang='lat' dir='ltr'>ostenditur</span> <span class='ocrx_word' id='word_1_171' title='bbox 1183 3830 1362 3925; x_wconf 62' lang='lat' dir='ltr'>Tiberium</span> 
     </span>
    </p>
   </div>
   <div class='ocr_carea' id='block_1_10' title="bbox 239 4167 1365 4353">
    <p class='ocr_par' dir='ltr' id='par_1_10' title="bbox 239 4167 1365 4353">
     <span class='ocr_line' id='line_1_25' title="bbox 274 4167 1365 4256; baseline 0.005 -19"><span class='ocrx_word' id='word_1_172' title='bbox 274 4180 282 4208; x_wconf 80' lang='lat'>¹</span> <span class='ocrx_word' id='word_1_173' title='bbox 301 4179 377 4238; x_wconf 74' lang='lat' dir='ltr'>Anti.</span> <span class='ocrx_word' id='word_1_174' title='bbox 394 4177 415 4252; x_wconf 83' lang='lat'>1,</span> <span class='ocrx_word' id='word_1_175' title='bbox 430 4196 478 4256; x_wconf 68' lang='lat'>72,</span> <span class='ocrx_word' id='word_1_176' title='bbox 488 4174 540 4255; x_wconf 75' lang='lat'>733</span> <span class='ocrx_word' id='word_1_177' title='bbox 554 4173 589 4248; x_wconf 84' lang='lat' dir='ltr'>ll,</span> <span class='ocrx_word' id='word_1_178' title='bbox 600 4170 648 4233; x_wconf 84' lang='lat'>50.</span> <span class='ocrx_word' id='word_1_179' title='bbox 869 4167 879 4199; x_wconf 78' lang='lat'>¹³</span> <span class='ocrx_word' id='word_1_180' title='bbox 895 4170 1115 4250; x_wconf 78' lang='lat' dir='ltr'>Montesquicn,</span> <span class='ocrx_word' id='word_1_181' title='bbox 1134 4173 1250 4239; x_wconf 70' lang='lat' dir='ltr'>(leand.</span> <span class='ocrx_word' id='word_1_182' title='bbox 1263 4189 1291 4241; x_wconf 80' lang='lat' dir='ltr'>et</span> <span class='ocrx_word' id='word_1_183' title='bbox 1305 4179 1365 4242; x_wconf 74' lang='lat' dir='ltr'>ne-</span> 
     </span>
     <span class='ocr_line' id='line_1_26' title="bbox 239 4285 983 4353; baseline 0.004 -10"><span class='ocrx_word' id='word_1_184' title='bbox 239 4305 246 4330; x_wconf 65' lang='lat' dir='ltr'>f</span> <span class='ocrx_word' id='word_1_185' title='bbox 272 4285 283 4316; x_wconf 75' lang='lat'><strong>²</strong></span> <span class='ocrx_word' id='word_1_186' title='bbox 301 4286 349 4353; x_wconf 88' lang='grc' dir='ltr'>ΙΙΙ,</span> <span class='ocrx_word' id='word_1_187' title='bbox 364 4285 412 4344; x_wconf 81' lang='lat'>51.</span> <span class='ocrx_word' id='word_1_188' title='bbox 825 4285 888 4344; x_wconf 76' lang='lat' dir='ltr'>carl.</span> <span class='ocrx_word' id='word_1_189' title='bbox 904 4287 983 4346; x_wconf 72' lang='lat' dir='ltr'>Nll&#39;.</span> 
     </span>
    </p>
   </div>
   <div class='ocr_carea' id='block_1_11' title="bbox 0 0 1468 4934">
    <p class='ocr_par' dir='ltr' id='par_1_11' title="bbox 0 0 1468 4934">
     <span class='ocr_line' id='line_1_27' title="bbox 0 0 1468 4934; baseline 0 2"><span class='ocrx_word' id='word_1_190' title='bbox 0 0 1468 4934; x_wconf 95' lang='lat' dir='ltr'> </span> 
     </span>
    </p>
   </div>
  </div>
 </body>
</html>
