2926 4934
182 254 186 259 ’
218 267 262 337 28
677 286 723 335 ou
749 284 872 335 urlcrro

217 411 536 507 circumspectum
557 411 672 499 vultu,
693 418 771 483 tum
785 430 944 494 sermone
965 435 973 483 ι
996 413 1083 507 quid
1098 435 1180 484 vero
1200 411 1344 500 mirum,

217 567 272 635 tot
287 558 444 654 acceptis
462 556 717 631 contumeliis?
745 556 893 649 vinosus·>
925 557 1012 630 adeo
1044 565 1087 630 ut
1105 569 1268 652 cumpro
1288 558 1348 629 Ti-

120 724 123 729 ·
217 707 315 781 berlo
339 703 532 796 Belenum,
564 729 628 800 pro
655 704 806 778 Claudio
828 704 989 778 Coldium
1018 706 1223 802 (siquidem
1254 730 1349 777 com·

220 853 349 927 mentis
377 877 456 950 quae
481 851 707 925 coacervavit
734 851 939 942 Suetonius,
972 852 1058 926 fides
1087 849 1347 947 adhibeada¹)‚

220 1005 353 1078 milites
366 1008 536 1087 vocarent
546 1024 557 1091 3
579 1002 652 1088 sed,
675 1021 897 1095 quocumque
909 1024 945 1074 se
959 1017 1001 1074 ea
1020 1024 1075 1073 res
1092 999 1271 1090 habuerit,
1292 1000 1348 1071 ni-

189 1137 192 1142 *
219 1152 274 1225 hil
292 1175 452 1247 unquam
477 1151 545 1222 tali
570 1150 614 1222 de
632 1173 740 1222 causa
759 1149 854 1222 domi
874 1150 932 1222 vel
955 1150 1094 1221 militiae
1117 1170 1216 1221 secus
1243 1147 1354 1218 admi-

221 1306 328 1389 serat,
351 1320 558 1391 summaque
572 1297 801 1369 veneratione
815 1296 991 1369 exercitus
1009 1319 1130 1368 omnes
1160 1296 1262 1368 illum
1277 1319 1368 1397 pro-⁸

223 1440 462 1543 sequebantur
474 1469 484 1534 3
511 1445 665 1539 denique
679 1441 887 1540 sanctorum
916 1438 1063 1531 amator,
1094 1443 1155 1514 sed
1182 1442 1355 1513 hactenus

224 1612 369 1669 suarum
403 1591 650 1666 tantummodo
679 1616 687 1665 :
719 1598 756 1662 at
787 1590 932 1663 saevitiae
960 1590 1096 1663 indicia
1123 1590 1238 1663 adhuc
1272 1589 1353 1660 abe-

223 1751 319 1815 rant.

273 1900 447 1997 Equidem
474 1899 601 1972 insitas
629 1900 782 1989 leeri0‚
817 1900 922 1970 sicuti
951 1900 1128 1995 plerisque
1155 1901 1354 1991 hominum,

226 2046 396 2146 pessimas
426 2046 599 2143 quasdam
626 2046 794 2119 libidines
824 2046 922 2119 haud
949 2047 1083 2121 infitias
1114 2048 1254 2142 iverim,
1294 2052 1359 2122 nec

228 2199 410 2268 immemor
428 2216 507 2266 sum
523 2192 628 2265 illum
647 2216 669 2265 a
687 2201 898 2289 praeceptore
916 2195 1098 2268 Theodoro
1123 2195 1190 2268 hac
1210 2200 1295 2268 nota
1318 2187 1361 2268 si-

228 2351 408 2438 gnatum:
434 2351 563 2424 «nala
578 2353 680 2441 αι’ματι
704 2339 917 2442 πεφυρμένονῗ·
943 2370 960 2413 a
985 2345 1205 2441 (quanquam
1224 2345 1359 2441 profes-

229 2512 342 2563 sorem
357 2490 467 2563 istum
480 2491 662 2562 rhetorum
677 2491 951 2586 exaggeratione
964 2499 1051 2564 tunc
1066 2492 1216 2564 abusum
1232 2493 1322 2590 reor)
1350 2516 1357 2565 :

230 2634 404 2732 quidquid
438 2659 521 2708 vero
554 2632 678 2708 «saevi
704 2643 768 2708 aut
793 2637 883 2710 lenti
903 2663 937 2728 a,
972 2646 1014 2710 ut
1044 2640 1096 2710 ait
1129 2638 1318 2711 Suetonius
1330 2639 1359 2731 ⁵,

231 2787 361 2876 inerat,
381 2785 543 2857 Tiberius
559 2784 605 2856 ad
622 2784 718 2857 huno
738 2808 849 2880 usque
868 2787 1086 2858 tricesimum
1110 2787 1277 2882 quintum
1298 2808 1362 2859 an·

234 2944 333 3022 rium,
368 2956 439 3004 non
459 2932 537 3004 dico
557 2930 846 3005 dissimulaverat
872 2932 1015 3030 perfide,
1049 2934 1110 3008 sed
1142 2937 1281 3031 egregie
1301 2937 1364 3009 do-

183 3079 186 3086 ’
233 3089 393 3170 muerat3
415 3104 530 3177 neque
548 3082 704 3176 profecto
724 3081 797 3153 illis
816 3081 1027 3154 libidinibus
1047 3083 1239 3180 aliquando
1257 3087 1366 3159 inser-

234 3230 312 3302 vire
333 3228 444 3301 fixum
466 3228 543 3322 jam
572 3252 614 3302 ac
640 3229 858 3302 destinatum
885 3231 1071 3304 habebat:
1098 3232 1158 3304 sed
1177 3233 1245 3305 hac
1269 3232 1364 3305 Rho-

235 3377 349 3449 diensi
381 3377 586 3467 secessione,
619 3399 726 3472 quam
763 3377 827 3448 vix
854 3377 997 3450 Tacitus
1028 3379 1143 3450 obiter
1174 3403 1214 3450 ac
1238 3381 1367 3453 leviter

236 3524 459 3616 memoravit,
482 3531 518 3596 et
536 3514 615 3619 quae
633 3531 752 3596 tamen
772 3532 904 3620 septem
925 3548 1037 3597 annos
1062 3518 1081 3597 e
1098 3526 1215 3598 media
1234 3526 1368 3600 exsulis

237 3681 316 3754 vita'
341 3679 599 3776 quodammodo
629 3681 774 3769 exemit,
809 3680 909 3751 illius
943 3680 1083 3752 animus
1101 3681 1245 3776 penitus
1268 3682 1366 3754 labe-

238 3820 354 3902 factus
368 3833 438 3918 est,'
455 3833 491 3901 et
510 3827 555 3899 ad
574 3828 732 3930 pessima
745 3828 892 3923 quaeque
912 3828 1041 3899 sensim
1058 3829 1266 3902 inclinatus.

172 4176 175 4182 ·
285 4151 391 4209 'Suet
408 4149 494 4209 Xbll.
828 4151 835 4159 ’
879 4149 987 4208 ⁵Sucl.
1004 4149 1091 4209 LXll.

284 4255 393 4315 ²erll.
