2926 4934
579 291 684 346 ciaon
707 288 883 346 rmnarun
1253 278 1301 370 39

171 416 370 511 consuleret
406 441 452 491 an
489 416 651 536 nummos
684 418 874 492 habiturus
910 420 1004 492 foret
1039 422 1169 515 quibus
1197 423 1300 493 ⁴viam

163 564 324 663 'Appiam
349 562 528 661 operiret3
551 589 615 637 nec
640 565 728 637 adeo
747 587 909 637 securum
935 588 1014 637 reor
1039 566 1219 639 liberium
1238 566 1300 662 qui

168 712 332 786 dextram
348 711 493 806 juvenis
509 714 744 803 obambulans
763 719 866 784 caute
885 713 1045 784 strictam
1063 692 1309 784 contineret'..

122 837 125 843 ⁸
197 861 313 933 tuum
328 859 402 951 illi,
423 861 547 956 priscas
578 860 802 934 auctoritatis
830 858 1029 933 desideri0²
1056 843 1094 933 in
1119 850 1301 937 transver-

168 1028 245 1083 sum
260 1006 351 1096 acti,
373 1007 639 1102 Rempublicam
666 1009 808 1080 nomine
834 1007 958 1102 populi
983 1008 1153 1097 universi,
1186 1017 1229 1080 ut
1245 1009 1299 1098 fit,

168 1162 403 1261 reposcerem,
427 1155 712 1244 auxiliabantur,
732 1154 930 1249 improvide
949 1156 1104 1250 quidem,
1127 1156 1187 1227 sed
1208 1156 1299 1227 aori-

168 1309 232 1388 ter,
252 1299 431 1392 ignobiles.
446 1301 564 1390 multi,
587 1302 735 1375 insitum
753 1301 972 1396 equalitatis
988 1327 1149 1399 amorem,
1163 1302 1298 1398 simpli·

168 1447 392 1536 cite1·secuti,
412 1471 477 1520 nec
495 1447 582 1520 satis
599 1455 766 1520 curantes
783 1448 980 1542 periculum
996 1450 1136 1521 subesse
1156 1471 1200 1518 ne
1219 1471 1298 1519 cnm

167 1603 283 1673 uetere
303 1593 480 1674 libertatis
499 1595 613 1688 speeie
632 1601 735 1667 vetus
753 1618 894 1688 quoque
909 1594 1120 1667 Nobilitatis
1135 1595 1299 1689 tyrannis
1404 1637 1409 1640 -

168 1726 412 1823 reduceretur.¹
448 1742 497 1821 Hi
524 1741 640 1819 multo
669 1740 788 1813 minus
816 1741 1022 1834 spernendis
1049 1740 1298 1814 innitebantur

103 1893 104 1897 ’
168 1886 356 1976 subsidiis3
388 1912 472 1961 nam
491 1889 663 1984 plerique,
686 1912 766 1962 cum
784 1889 923 1982 ingenti
942 1890 1055 1983 plebis
1073 1891 1241 1962 Romanae
1262 1898 1299 1962 et

164 2036 337 2117 sociorum
354 2037 568 2131 populorum
579 2035 832 2124 multitudine,
855 2033 1116 2124 Germanicum,
1139 2036 1247 2109 Drusi
1262 2046 1299 2110 et
1354 2016 1356 2020 ⁵

162 2185 330 2257 anania
344 2183 472 2272 filium,
489 2184 827 2278 complectebantur,
843 2182 931 2276 quia
948 2207 1044 2276 spem
1059 2183 1197 2256 cunetis
1211 2183 1297 2275 inje-

161 2342 260 2407 cerat
289 2332 557 2427 Rempublicam
584 2355 620 2402 se
647 2331 884 2403 redditurum.
908 2331 1066 2416 Quorum
1090 2331 1294 2424 flagrantis·

161 2482 253 2572 sima
270 2480 392 2553 studia
415 2479 647 2574 turbidusque
680 2477 827 2573 spiritus
846 2478 1030 2572 comprimi
1048 2503 1148 2572 posse
1173 2480 1295 2575 despe-

161 2653 258 2717 rans,
274 2676 277 2683 -
291 2630 475 2722 Augustus
506 2626 764 2721 aliquantisper
794 2627 1014 2721 placaverat,
1046 2625 1294 2703 Germanicum

158 2776 291 2870 jubens
308 2784 331 2849 'a
349 2775 500 2863 Tiberia,
523 2775 585 2869 qui
603 2782 724 2846 tamen
744 2773 858 2845 filium
877 2773 1045 2864 habebat,
1070 2773 1261 2868 adoptari³
1283 2800 1291 2847 :
1352 2780 1358 2790 '

162 2948 232 3020 quo
250 2924 358 3011 facto,
393 2922 593 3020 promisisse
618 2923 810 2994 videbatur
822 2920 1037 3010 libertatem,
1058 2922 1158 2994 brevi
1182 2923 1293 2996 inter.-

158 3071 256 3166 jecta
285 3095 394 3160 mora,
411 3070 662 3141 revicturum:
689 3067 751 3138 sed
763 3073 801 3138 et
825 3091 945 3139 eorum
970 3041 1076 3139 simul
1107 3070 1293 3143 audaciam

163 3225 328 3306 auxerat,
344 3216 624 3309 intelligentium
644 3239 680 3286 se
699 3215 923 3287 vehementer
942 3215 1074 3305 timeri,
1096 3240 1205 3310 quum
1219 3219 1294 3312 ipse
1331 3262 1333 3267 ·

161 3365 390 3458 Principatus
424 3370 547 3476 auctor
577 3385 639 3434 suo
665 3361 855 3433 successori
882 3361 1000 3433 virum
1030 3370 1203 3456 aequasset
1232 3364 1294 3457 qui

162 3513 323 3606 pristinae
342 3511 558 3605 Reipublicae
576 3517 687 3581 tenax
706 3510 918 3581 habebatur.

213 3657 342 3731 Cuncti
367 3679 450 3751 ergo
477 3681 540 3751 pro
568 3656 776 3730 Germanico
803 3681 842 3728 eo
863 3657 1054 3752 impensius
1069 3660 1290 3750 nitebantur,

164 3805 272 3898 quod,
291 3803 498 3876 succedente
512 3803 664 3893 Tiberio,
680 3803 927 3896 gravissimum
947 3805 1167 3885 haereditatis
1181 3832 1294 3879 exem-

206 4132 211 4161 ¹
230 4132 312 4194 Suet.
331 4127 394 4189 Tib.
408 4130 502 4191 XXV.
795 4118 898 4195 5Αίιιι.
914 4134 935 4211 l,
952 4139 980 4195 3.
1035 4124 1037 4129 ¹

205 4235 215 4267 ²
232 4235 289 4297 Dio
306 4234 390 4298 Cass.
406 4235 509 4314 XLIV,
519 4238 555 4318 p.
572 4233 640 4318 ario.
