2926 4934
223 287 267 356 82
693 315 739 366 uu
765 317 888 370 mcmo

270 437 338 509 Sed
358 438 509 511 alterum
529 441 680 514 subinde
699 452 752 515 est
776 452 952 536 exortum,
976 469 1017 517 ac
1044 446 1173 540 majus,
1201 447 1358 521 factione

190 578 192 584 ⁸
221 587 355 684 Sejani,
386 610 464 693 quae
478 588 608 663 mirum
622 591 661 663 in
678 591 820 665 modum
842 601 948 665 aucta
967 602 1057 686 erat,
1078 596 1357 671 dominationem

217 740 412 815 invadente
439 765 447 814 :
469 749 557 813 tunc
575 739 779 813 infidelibus
800 743 923 816 amicis
941 768 1056 840 nuper
1076 753 1224 819 vexatos
1238 747 1359 820 hostes

218 913 393 984 opponere
413 896 561 960 conatus
580 895 633 960 est
653 888 800 983 Imperii
819 889 919 961 illius
939 890 1144 964 dissidentis
1175 893 1354 985 dominus,

217 1045 254 1111 ct
287 1062 308 1109 a
338 1036 528 1138 Nobilibus
547 1035 829 1109 crudelissimam
847 1037 949 1110 illam
962 1009 1242 1133 ¹Sejanianorum
1262 1050 1356 1116 stra-

217 1210 296 1282 gem
316 1186 373 1259 edi
392 1185 571 1282 permittit
585 1184 612 1259 ¹.

267 1485 325 1560 Sic
343 1485 502 1581 quinque
521 1485 664 1560 circiter
690 1486 776 1560 anni
795 1509 859 1583 per
886 1494 1030 1559 mutuas
1050 1487 1161 1560 caedes
1180 1492 1355 1563 transacti

196 1704 198 1709 ,
217 1641 314 1705 sunt.
336 1633 386 1706 Aa
405 1657 476 1706 non
492 1634 623 1708 idcirco
642 1635 802 1708 resedere
821 1634 945 1707 civilia
964 1635 1058 1726 odia,
1078 1636 1151 1725 sed,
1175 1639 1355 1719 continuis

215 1780 367 1853 duarum
394 1782 654 1877 praecipuarum
680 1781 878 1854 factionum
903 1781 1146 1855 indesinenter
1172 1785 1354 1857 reluctan-

216 1928 308 1999 tium
328 1929 496 2022 mctibus,
526 1929 655 2002 civitas
683 1953 795 2024 usque
823 1929 868 2003 ad
896 1928 1001 2002 finem
1021 1931 1155 2003 Tiberii
1170 1931 1357 2026 exagitata

117 2064 119 2068 ’
217 2075 420 2149 fluctuavit.
443 2079 510 2150 Tot
537 2078 776 2170 simultatum,
808 2085 862 2150 tot
886 2078 1066 2150 ultionum
1094 2079 1238 2151 aestibus
1270 2080 1356 2153 reci-

215 2225 330 2318 procis
351 2224 548 2316 volutatus,
568 2224 749 2297 interdum
768 2248 858 2320 pene
884 2218 1098 2315 Submersus,
1124 2225 1282 2298 laborem
1303 2251 1356 2301 as·

216 2360 409 2466 pernicicm
437 2371 588 2466 pertulit
619 2370 803 2466 Princeps,
834 2371 920 2443 dum
953 2395 990 2444 se
1016 2371 1214 2462 sustinere,
1257 2395 1355 2444 nunc

216 2519 295 2612 hac,
319 2518 415 2593 nu'nc
437 2520 523 2591 illac
549 2519 743 2610 inclinans,
771 2519 913 2591 nititur.
940 2521 1018 2592 Hoc
1047 2527 1165 2592 autem
1197 2521 1351 2617 insigne,

216 2668 310 2762 quod
336 2676 511 2764 postremo
538 2665 741 2740 Germanici
766 2673 803 2738 et
821 2665 1028 2761 Agrippina
1045 2666 1132 2758 filio,
1155 2666 1241 2739 Caio
1261 2667 1357 2741 Cali-

216 2815 321 2908 gulae,
353 2813 563 2887 conciliatus
582 2820 647 2904 est,
671 2811 775 2906 eique
798 2813 1052 2886 successionem
1072 2813 1213 2909 imperii
1240 2813 1352 2905 dedit,

216 2959 419 3055 posthabito
447 2967 574 3056 nepote
603 2982 681 3050 suo,
719 2982 824 3054 quem
855 2960 995 3033 Drusus
1021 2959 1231 3057 genuerat2.
1267 2963 1355 3035 Tam

215 3109 324 3182 firmis
348 3109 482 3182 scilicet
501 3107 734 3181 munimentis
767 3105 958 3180 insistebat
987 3107 1189 3182 Germanici
1214 3111 1353 3204 domus,

214 3269 268 3351 ut,
297 3267 351 3332 tot
370 3259 525 3332 caedibus
543 3257 733 3346 exhausta,
755 3262 810 3327 tot
829 3255 1028 3328 deformata
1044 3257 1198 3348 casibus,
1221 3257 1355 3332 victrix

214 3417 348 3499 tamen,
371 3407 548 3503 trepidam
567 3404 751 3480 vexatoris
774 3403 830 3476 sui
847 3410 1026 3478 senectam
1044 3407 1273 3500 tuereturl...

264 3709 385 3782 Prima
403 3708 515 3804 igitur
537 3717 592 3782 tot
619 3709 795 3783 malorum
822 3707 970 3781 victima
995 3705 1151 3802 Augusti
1177 3728 1355 3783 successor

216 3857 369 3949 exstitit,
396 3864 439 3930 ut
466 3880 572 3952 quem
598 3856 761 3929 acerrimi
787 3863 824 3929 et
846 3853 1032 3950 irrequieti
1050 3863 1165 3925 metus
1182 3879 1245 3949 per
1263 3881 1354 3952 qua·

215 4006 413 4079 tuordecim
434 4028 546 4078 annos
565 4003 745 4076 torserint.
770 4001 840 4090 Qui
860 4009 988 4088 metue,
1007 4000 1036 4073 si
1057 4002 1251 4074 Anrzolc'bns
1277 4027 1354 4077 crc-

261 4321 267 4352 ¹
284 4322 359 4380 llam.
376 4317 412 4394 V,
427 4317 505 4399 6‚r3;
522 4316 572 4394 Vl,
590 4317 681 4397 [μω.
844 4319 946 4380 ²Ann.
963 4318 1013 4395 Vl,
1028 4317 1078 4396 46.
1152 4334 1155 4343 ·
