2926 4934
458 244 464 258 ‘
586 257 690 310 ciaon
716 258 891 308 'unaarum
1258 235 1306 331 89

169 383 244 478 qui,·
262 381 399 475 dejesta
417 384 496 476 illo,
517 406 581 480 per
598 384 799 474 biennium,
820 384 913 456 caede
932 406 1041 479 prope
1071 382 1242 455 sentinus
1269 390 1306 455 et

169 527 363 624 aliquando
381 530 594 603 catervatim
607 531 771 620 mactati,
788 531 983 603 oooubuere
998 529 1024 601 ¹.
1048 532 1090 602 ln
1109 529 1307 602 Annalibus

168 682 304 765 tamen,
324 683 367 748 ut
392 683 522 749 cunata
541 684 627 749 sunt
645 676 852 771 composita,
875 676 942 747 illa
971 676 1178 766 erudelitas,
1197 677 1306 772 impe·

166 832 269 896 rante
289 824 507 920 Caprearum
526 828 661 918 exsule,
684 825 896 898 debacchari
922 825 1065 897 videtur
1086 847 1094 896 :
1127 824 1307 898 redundat

166 973 204 1044 in
217 996 331 1084 unum
345 973 524 1047 homiuem
542 975 791 1048 seditiosorum
810 973 944 1046 uirium
959 974 1175 1069 perversitas
1181 995 1191 1061 ;
1219 971 1305 1045 adeo

165 1129 207 1194 ut
224 1121 449 1195 Seeundatus
467 1091 542 1217 ipse
556 1130 674 1194 noster
689 1121 877 1194 infandam
892 1121 1117 1216 Optimatum
1132 1120 1305 1193 ultionem

165 1269 208 1342 de
240 1269 362 1362 Sejani
389 1270 501 1343 filiola
523 1269 682 1365 Principi
705 1266 974 1364 imputaverit².
1004 1267 1072 1341 Sed
1101 1274 1204 1340 atrox
1228 1268 1307 1363 ipsa

163 1419 236 1506 lex,
258 1441 327 1512 perv
339 1442 448 1514 quam
467 1416 738 1490 adolescentulae
758 1416 930 1489 sanctitas
947 1416 1085 1488 violata
1103 1423 1169 1505 est,
1194 1439 1265 1487 non
1283 1426 1313 1487 a·

162 1565 303 1638 Tiberio
327 1565 447 1637 fuerat
468 1565 645 1655 inventa3
682 1565 851 1636 manebat
880 1586 964 1636 vero
992 1569 1167 1658 tanquam
1186 1561 1305 1634 dirum

162 1720 432 1785 monumentum
446 1711 574 1807 prioris
591 1711 690 1783 illius
708 1711 777 1783 aevi
796 1711 891 1806 quod
911 1710 1103 1806 aliqnando
1120 1735 1301 1807 reposcere

165 1857 306 1935 videtur
322 1857 487 1947 Tacitus3
519 1857 722 1952 exemplum
740 1856 876 1930 scilieet
903 1857 1092 1953 antiquum
1118 1860 1302 1955 sacrilegas

160 2003 261 2079 illius
275 2003 428 2077 feritatis
444 2029 466 2077 a
483 2005 598 2078 Dione
617 2004 738 2078 Cassio
762 2012 997 2078 memoratum
1010 2005 1146 2099 reperio
1157 2004 1186 2078 ³.

186 2180 190 2185 ·
211 2151 315 2239 Quod
333 2152 363 2224 si
380 2152 510 2225 talium
527 2154 699 2225 scelerum
717 2151 804 2242 dux,
828 2160 965 2242 auctor,
986 2152 1155 2226 inventor
1170 2154 1303 2245 ‚fuisset

159 2321 270 2372 senex
294 2300 355 2372 ille
384 2299 480 2371 inter
493 2300 607 2371 maris
624 2299 835 2372 solitudines
853 2307 1021 2391 tremene,
1055 2324 1142 2372 num
1170 2301 1303 2394 riguis

159 2454 241 2519 seut
257 2447 365 2540 longa
383 2445 578 2541 stabilique
593 2446 689 2541 apud
708 2445 814 2518 illum
833 2447 993 2519 amicitia
1011 2453 1066 2518 tot
1079 2447 1147 2519 viri
1158 2471 1298 2541 graves,

161 2593 432 2667 adulationibus
465 2616 507 2666 ae
534 2592 682 2665 saevitiis
718 2592 876 2665 infensi?
904 2617 992 2666 num
1017 2592 1141 2667 vivere
1177 2618 1302 2690 passus

171 2747 263 2812 esset
280 2747 336 2811 tot
348 2740 455 2831 aives,
472 2739 535 2835 qui
556 2762 685 2834 genere
704 2763 745 2811 ao
766 2738 866 2812 fama
888 2739 1125 2814 diffidentiam
1155 2743 1302 2839 tyranni

160 2912 305 2987 prorsus
324 2890 584 3002 merebantur?

178 3056 183 3085 ³
210 3037 290 3111 Non
309 3037 422 3131 igitur
440 3036 574 3110 Tiberii
586 3037 794 3111 voluntaria
812 3037 1039 3133 perversitas,
1062 3039 1123 3112 sed
1142 3040 1301 3135 ipsorum

160 3187 400 3258 Romanorum
419 3183 556 3257 furores
574 3185 741 3259 Romanis
757 3190 812 3256 tot
829 3183 992 3257 miserias
1005 3209 1047 3258 ae
1060 3185 1215 3281 denique
1232 3211 1302 3261 ser-

161 3333 315 3407 vitutem
328 3333 536 3426 imposuere.
554 3333 623 3403 Eos
641 3332 735 3427 ipsos
755 3331 974 3427 incusaqui,
995 3356 1105 3428 quum
1131 3335 1304 3430 Princeps

161 3479 364 3552 libertatem
394 3479 551 3552 modeste
581 3478 815 3552 exemendam
841 3478 1042 3569 obtulisset,
1078 3487 1205 3554 mutua
1235 3459 1325 3555 sua

161 3626 245 3713 odia
263 3627 440 3722 sanguiue
456 3626 635 3699 exsatiare
653 3625 874 3699 maluerunt.

211 3775 341 3850 inausa
355 3799 453 3865 sane,
471 3775 531 3848 sed
546 3774 651 3846 simul
669 3774 845 3863 miserere,
863 3773 1119 3871 potiusquam,
1137 3779 1298 3874 exemplo

205 4039 307 4099 'Auru
323 4037 374 4113 Vl,
390 4033 479 4097 1-28.
756 4041 787 4098 et
801 4034 877 4099 Note
892 4036 931 4098 de
946 4037 1093 4102 Voltaire.
1152 4076 1154 4082 ·

203 4145 268 4220 ²V,
291 4165 321 4226 9.
336 4180 375 4190 -
396 4141 616 4224 Montesqniem
638 4144 706 4208 lla-
798 4144 883 4206 *Dio
900 4144 1032 4223 Cassius
1046 4147 1165 4225 xnvn,
1178 4149 1209 4211 6.
1255 4160 1258 4165 ’

160 4250 1275 4336 mmfflmfflmw‚·“ffffi²ws
