2926 4934
252 320 297 390 70
346 315 349 322 ’
723 320 769 370 un
796 320 922 373 rucrro

249 450 422 537 spectant.
447 443 564 529 Quum
582 424 678 515 enim
699 443 874 536 jubentur
892 446 1013 518 cuncti
1031 453 1108 519 tum
1127 447 1283 537 Graeciae,
1306 454 1384 520 tum

239 589 344 663 'Asia
371 592 494 687 populi
524 592 739 691 religionum
769 607 914 665 suarum
943 595 1050 693 leges,
1085 596 1201 667 missis
1224 596 1385 690 undiquc

250 737 390 831 legatis,
414 738 561 810 Senatui
578 739 819 835 disceptatum
837 742 987 832 deferre,
1019 743 1208 814 historicus
1234 750 1312 813 tum
1330 743 1386 814 de—

251 883 369 956 mum¹
391 885 433 956 de
453 885 564 956 variis
583 885 824 978 subjectarum
844 889 1032 960 nationum
1050 890 1257 960 numinibus
1275 896 1312 960 et
1324 911 1386 960 cae⁴

251 1033 413 1104 rimoniis
432 1033 596 1128 ¹plurima
623 1041 781 1123 enarrat,
810 1040 846 1104 et
872 1033 926 1104 ita
950 1041 1077 1104 narrat
1094 1041 1137 1105 ut
1154 1033 1387 1106 dominatoris

252 1181 419 1276 superbia
438 1181 556 1276 potius
575 1205 684 1275 quam
704 1180 833 1252 tutoris
859 1178 1062 1263 sollicitudo
1087 1181 1125 1252 in
1146 1181 1246 1252 illius
1269 1180 1387 1252 verbis

254 1328 512 1422 quodammodo
529 1328 664 1422 spirare
681 1327 860 1400 videatur.
882 1328 956 1401 Nec
969 1329 1106 1399 invitus
1120 1336 1279 1399 moratur
1294 1328 1388 1400 circa

254 1476 483 1549 memorabile
501 1476 594 1547 illud
622 1476 786 1547 undecim
810 1475 1088 1547 clarissimarum
1111 1475 1298 1547 civitatum
1318 1499 1388 1547 cer-

254 1631 375 1696 tamen
394 1624 437 1695 de
453 1623 642 1695 statuendo
657 1623 789 1717 templo
805 1623 1034 1727 UrbiRomae,
1051 1625 1158 1717 quam
1172 1645 1297 1716 nempe
1311 1621 1388 1693 orbi

255 1771 441 1859 universo,
474 1794 572 1865 aeque
602 1794 643 1840 ac
674 1769 761 1859 sibi,
798 1795 815 1837 a
841 1769 969 1840 summi
1001 1769 1158 1840 numinis
1193 1766 1333 1840 instar2
1367 1795 1384 1838 a

254 1917 388 1990 factam
403 1939 476 1988 esse
496 1915 650 2009 gaudet⁵
668 1939 676 1987 :
694 1916 754 1988 sed
768 1915 811 1987 de
824 1915 981 2010 ipsarum
995 1915 1261 2010 provinciarum
1273 1923 1385 2010 statu,

254 2063 379 2160 priscis
391 2063 581 2154 institutis,
600 2064 711 2135 variis
725 2063 895 2153 moribus,
904 2061 1010 2152 votis,
1027 2061 1206 2133 rarissime
1221 2061 1386 2134 disserit:

255 2211 401 2283 illarum
419 2210 584 2282 intimam
605 2235 645 2282 ac
663 2211 879 2306 peculiarem
895 2211 1009 2282 vitam
1027 2209 1173 2281 minime
1192 2210 1391 2304 perspicere

240 2358 392 2447 studet,
415 2357 603 2452 cladesque
622 2357 737 2428 libens
756 2365 940 2447 memorat,
962 2357 1101 2451 quoties
1118 2359 1284 2429 Romana
1303 2357 1391 2430 libe·
1429 2375 1432 2380 ·

255 2506 395 2580 talitali
412 2506 616 2578 exercendae
635 2505 751 2576 locum
769 2504 955 2576 dederunt.

304 2653 533 2727 Paucissimis
551 2653 663 2747 igitur
688 2675 728 2723 ac
755 2650 972 2722 brevissimis
996 2650 1204 2722 excursibus
1230 2650 1313 2722 illas
1339 2651 1393 2723 di·

257 2807 390 2894 gnatur
409 2800 582 2893 regiones,
606 2823 671 2870 nec
697 2822 733 2869 se
758 2799 869 2868 Roma
894 2797 1068 2869 dimoveri
1093 2797 1192 2887 sinit,
1223 2797 1294 2869 nisi
1318 2797 1393 2870 vic·

255 2948 361 3020 trices
391 2947 571 3042 legionum
601 2947 740 3042 aquilas
768 2954 1036 3036 consecuturus,
1069 2954 1212 3018 autres
1242 2946 1329 3018 artis
1354 2955 1393 3019 et

258 3103 395 3167 naturae
428 3095 610 3189 paulisper
645 3093 827 3165 invisurus
862 3116 869 3164 :
905 3093 974 3183 sic,
1008 3091 1216 3166 Germanico
1247 3094 1388 3184 similis,

257 3245 450 3339 AEgyptum
465 3243 596 3313 lustrat
609 3240 728 3312 minus
746 3241 906 3311 levandae
921 3241 1114 3335 provinciae
1128 3266 1235 3338 quam
1251 3267 1395 3337 cognos-

184 3405 186 3408 ’
258 3389 376 3460 cendae
397 3387 626 3482 antiquitatis
641 3409 775 3458 causa:
800 3387 900 3481 atqui
920 3387 977 3458 vel
1001 3414 1017 3456 a
1040 3387 1239 3460 Thebarum
1259 3412 1393 3483 magna

258 3536 423 3628 vestigia,
444 3561 460 3603 a
480 3535 534 3605 vel
548 3534 623 3605 Nili
639 3542 675 3604 et
690 3533 923 3628 Pyramidum
941 3534 1114 3604 miracula
1132 3535 1393 3630 contemplanti

259 3687 468 3756 obversatur
503 3684 678 3778 praecipue
708 3683 838 3776 species
873 3686 1039 3755 Romanae
1067 3687 1247 3778 potentiae,
1283 3712 1393 3782 quam

259 3836 356 3905 ultra
383 3835 470 3906 lines
492 3833 703 3906 Sesostriani
727 3834 872 3927 Imperii
897 3835 993 3905 nunc
1011 3841 1203 3928 patescere,
1225 3839 1389 3930 superbe,
1454 3865 1458 3871 ·

259 4007 321 4078 per
340 3984 434 4054 hanc
453 3983 685 4071 occasionem,
707 3979 940 4076 proclamati.

301 4224 307 4256 ¹
325 4227 443 4301 Festus,
460 4225 510 4300 lll,
522 4221 635 4284 60-63.
893 4221 904 4253 ³
920 4221 997 4281 Ann.
1014 4218 1065 4294 IV,
1081 4215 1130 4295 55,
1146 4217 1195 4280 56.

302 4330 312 4363 ²
331 4330 499 4401 Pharsalia.
893 4327 904 4361 ‘
921 4330 956 4404 ll,
971 4328 1021 4404 60,
1036 4328 1085 4388 61.
