2926 4934
237 297 281 367 16
698 319 743 367 oa
771 315 895 367 memo

234 443 403 530 traheret,
422 443 516 513 clare
533 441 745 537 perspicient
763 441 976 537 quicumque
987 439 1083 530 vitae,
1102 424 1257 512 velante
1269 441 1367 512 Prin·
1442 419 1449 434 ²

239 588 397 685 oipatum
435 588 521 660 adeo
557 589 732 682 exercitae,
767 614 880 680 casus,
913 589 1159 679 contumelias,
1192 588 1363 684 pericula,

237 737 408 831 usquead
426 744 572 808 mortem
587 737 753 830 Augusti,
776 738 924 832 paulum
940 737 1193 809 recensuerint.

283 882 391 954 Licet.
410 883 615 954 Venusinus
641 891 746 978 poeta
766 909 783 952 c
805 890 993 978 paternum
1023 882 1177 978 Augusti
1210 883 1368 953 animum

91 1011 93 1015 ⁵
195 1096 198 1099 .
238 1027 276 1099 in
296 1049 421 1122 pueros
437 1026 614 1099 Nerones¹
653 1053 670 1095 1
698 1026 902 1119 jactaverit,
935 1028 1079 1100 minime
1106 1035 1270 1123 acceptus
1301 1028 1371 1099 Au-

237 1180 339 1267 gusto
360 1172 565 1244 adoleverat
587 1171 785 1255 inPalatio
802 1196 891 1270 puer
904 1175 1018 1245 *illius
1042 1174 1175 1246 Tiberii
1204 1174 1369 1263 Neronis

237 1343 341 1414 quem
360 1319 466 1391 Livia
483 1320 636 1414 priorem
656 1330 863 1411 amaverat3
885 1323 947 1419 qui
971 1324 1141 1395 solvenda
1159 1325 1270 1395 Bruto
1287 1323 1372 1396 Cas-

238 1466 371 1561 sioque,
392 1474 434 1538 ut
450 1467 702 1564 tyrannicidis,
720 1469 865 1563 praemia
885 1478 1070 1541 censuerat
1082 1495 1091 1560 3
1115 1471 1177 1565 qui
1199 1472 1240 1542 L.
1263 1472 1372 1542 Anto-

239 1611 350 1701 nium,
372 1636 455 1684 mox
474 1613 509 1684 S.
523 1612 742 1707 Pompeium,
762 1622 917 1686 sectatus
936 1623 1059 1688 contra
1077 1617 1281 1707 Octavium,
1304 1642 1374 1690 ser.

237 1754 300 1830 vos
318 1759 586 1855 Neapolitensas
606 1760 650 1834 ad
668 1760 802 1855 pileum
821 1767 857 1832 et
877 1761 923 1832 ad
942 1784 1041 1833 arma
1059 1761 1370 1835 convocaverat2:

237 1908 306 2002 ipsi
329 1907 591 1980 adolescentulo
610 1908 733 1979 decrat
750 1909 898 2003 puerilis
916 1910 982 1980 illa
1001 1909 1179 1982 festivitas
1193 1900 1271 2005 quae
1284 1911 1375 1982 Dru-

240 2076 332 2144 sum,
349 2047 503 2126 'fratrem
526 2055 697 2126 minorem
713 2062 814 2144 natu,
836 2055 979 2126 videtur
1004 2055 1288 2127 commendasse:
1311 2055 1371 2126 sed

200 2195 205 2202 ’
239 2202 442 2272 abstrusum
476 2201 621 2296 ingenio
653 2208 688 2272 61
716 2224 874 2274 sermone
885 2258 896 2291 ,
925 2175 1125 2296 illepidum
1148 2201 1267 2291 uultu,
1303 2203 1375 2296 ple·
1433 2210 1438 2220 '

239 2371 389 2443 rumque
419 2347 657 2446 taciturnum,
694 2348 877 2455 Augustus
912 2351 1156 2447 «πρεσβύτην»
1191 2349 1375 2446 vocitabat

239 2496 416 2585 illudens3
456 2496 647 2590 libertique
662 2496 798 2586 domus,
829 2520 911 2568 mox
930 2496 1069 2588 famuli,
1090 2521 1172 2569 eum
1195 2520 1258 2594 pro
1284 2498 1377 2570 ludi-

241 2642 319 2713 brio
338 2642 469 2713 habere
483 2650 752 2732 consueverant,
779 2644 937 2738 impune,
970 2643 1056 2739 quia
1074 2647 1247 2739 probante
1266 2643 1375 2715 domi-

248 2812 306 2860 no.
327 2790 384 2862 Sic
397 2787 529 2859 teneris
547 2788 590 2858 ab
611 2776 715 2858 annis
741 2786 890 2860 offensas
904 2789 1105 2879 recondere,
1136 2789 1228 2860 elam
1245 2789 1372 2878 odisse,

246 2939 365 3027 irasci,
388 2926 556 3027 metuere,
577 2935 739 3008 Tiberius
759 2939 954 3009 necessario
973 2938 1159 3010 didicerat.

296 3086 468 3159 Maritum
500 3083 664 3179 deinceps
693 3084 798 3178 longe
829 3084 1030 3156 molestiora
1062 3087 1374 3178 conflictaverant,

248 3256 357 3328 quum
385 3231 609 3327 Vipsaniam,
642 3230 802 3326 Agrippa
821 3231 978 3326 genitam
998 3238 1035 3304 61
1050 3230 1188 3302 Attici⁵
1220 3239 1375 3327 neptem,

247 3402 394 3451 uxorem
412 3378 480 3449 sibi
499 3378 705 3450 concordem
722 3385 758 3450 et
784 3377 1063 3467 dilectissimam,
1093 3379 1285 3467 dimittere,
1318 3404 1382 3452 nee

248 3529 324 3600 sine
352 3549 482 3621 magno
503 3549 632 3620 angore
660 3524 809 3616 animil,
847 3534 990 3596 coactus
1026 3533 1090 3614 est,
1125 3534 1382 3623 exceptamque

249 3676 343 3749 vidit
362 3676 409 3753 ab¹
422 3672 546 3746 Asinio
566 3670 682 3761 Gallo,
702 3672 870 3744 acerrimo
883 3664 937 3743 sui
952 3673 1119 3763 derisore,
1137 3680 1173 3746 et
1188 3699 1292 3769 quem
1307 3699 1382 3770 pos-

249 3834 307 3897 tea
319 3824 614 3895 inter'senatores
632 3820 786 3892 maxime
801 3819 979 3891 infensum
996 3821 1138 3892 habuit.
1179 3820 1305 3910 Simul,
1344 3822 1382 3892 in

290 4085 299 4116 ⁴
318 4085 376 4146 Od.
392 4085 442 4144 lV.
887 4051 1384 4159 Ι’.11111116111116111116611111111111-

186 4179 219 4232 -‘
291 4192 399 4257 111111,
417 4191 465 4257 ru.
847 4185 1037 4266 clapsum.

889 4291 900 4330 ⁴
917 4294 998 4359 Suet.
1014 4293 1076 4361 Vll.
