2926 4934
586 293 689 344 cisos
715 294 889 343 arcannm
1263 275 1306 343 113

176 422 300 514 procul
319 430 489 515 reputans
509 440 550 493 a‘o
573 419 804 513 sibimetipse
829 427 913 492 ante
936 421 1055 493 oculos
1087 413 1308 516 praeponens,

173 569 337 642 inaudito
355 570 509 664 quodam
525 569 799 640 excruciabatur
825 568 1011 662 supplicio
1048 571 1136 640 Ecce
1164 571 1310 641 tandem

175 716 367 789 nuntiatur
384 719 479 788 hanc
498 714 715 808 singularem
738 737 823 784 0000
840 714 1017 808 Principis
1044 716 1216 787 adversus
1243 717 1311 788 mi·

173 865 329 938 nistrum
360 889 463 938 sirum
494 862 775 957 conjurationem
810 884 976 956 prospere
1016 861 1184 934 cessisse:
1226 888 1310 936 nam

175 1019 361 1112 deceptum
396 1013 565 1108 sejanum
579 1030 639 1108 spe
664 1011 850 1106 potestatis
878 1011 1077 1082 tribunitiae
1095 1010 1137 1108 [et
1156 1014 1311 1107 ambagi—

173 1167 241 1234 bus
268 1161 437 1255 epistolac,
461 1161 527 1241 ι(110
556 1160 594 1230 10
627 1158 748 1248 Curia,
781 1157 904 1252 procul
934 1183 955 1229 a
988 1159 1060 1231 suis
1086 1162 1310 1254 praetorianis

72 1303 75 1309 ’
174 1312 379 1400 detentum,
411 1333 493 1380 mox
521 1309 564 1378 ab
592 1307 718 1379 iisdem
741 1307 972 1379 Senatoribus
998 1309 1061 1402 qui
1088 1309 1195 1403 paulo
1228 1316 1310 1380 ante

173 1462 231 1533 illi
245 1459 501 1548 adulabantur,
519 1480 723 1552 oppressum
749 1465 785 1528 et
800 1455 1132 1553 lictoriltraditum3
1155 1455 1310 1549 dejectas

171 1607 333 1701 undique
360 1603 588 1700 procubuisse
620 1602 782 1674 damnati
815 1611 966 1694 statuas,
997 1611 1033 1674 et
1060 1605 1196 1698 ipsum,
1224 1606 1309 1678 dum

162 1783 191 1843 ¹<r
211 1777 305 1826 unco
324 1751 502 1822 trahitur»
526 1774 582 1821 a«
605 1749 705 1821 Remi
718 1749 826 1820 turba
848 1776 865 1818 a
889 1774 960 1821 non
986 1751 1062 1823 sine
1080 1753 1223 1846 plausu,
1246 1755 1309 1825 sti-

174 1909 298 1999 patum
329 1898 540 1995 adspectari,
558 1896 701 1969 calcari.

223 2053 292 2125 sed
310 2051 448 2147 trepido
467 2050 684 2143 Caprearum
702 2047 845 2141 captivo
863 2055 1013 2119 terrores
1036 2072 1080 2118 ex
1099 2048 1306 2139 terroribus,

170 2199 332 2296 pericula
351 2222 396 2269 ex
414 2195 593 2291 periculis
620 2201 743 2264 tenore
760 2192 915 2287 quodam
933 2193 1050 2284 fatali,
1079 2196 1310 2267 renasceban-

170 2357 234 2422 tur
255 2371 264 2418 2
285 2345 387 2417 audit
401 2343 477 2436 jam
496 2365 606 2414 novos
623 2339 784 2410 dominos
810 2362 831 2410 a
854 2340 1022 2412 Patribus
1048 2341 1126 2412 istis
1157 2369 1173 2410 a
1196 2342 1240 2412 ad
1253 2341 1309 2434 ju-

175 2525 192 2567 0
215 2519 300 2590 guin
314 2471 450 2590 0000110
472 2519 489 2560 a
512 2491 675 2586 protinus
693 2487 840 2591 requiri,
882 2489 1123 2586 Senatumque
1147 2492 1184 2563 in
1203 2492 1309 2564 servi-

170 2644 263 2713 tium
279 2639 455 2711 Macronis
473 2647 508 2710 et
525 2639 678 2711 Laconis
694 2663 789 2712 nuno
805 2664 921 2731 ruere,
944 2641 1013 2714 nisi
1028 2641 1095 2737 ipsi
1111 2643 1304 2730 obstarent,

124 2874 125 2879 ἵ
173 2814 246 2861 000
266 2788 409 2884 quidem
427 2773 604 2882 Principis
624 2810 741 2859 amore
756 2795 820 2859 001
836 2787 1077 2878 veneratione,
1101 2789 1161 2861 sed
1175 2796 1309 2863 terrore

86 3026 88 3029 ¹
173 2941 315 3013 demum
334 2938 396 3032 qui
415 2937 552 3008 cunctis
567 2944 654 3007 tunc
673 2938 875 3030 imperaret.
905 3029 908 3035 Ι

223 3084 398 3177 Deinceps
417 3085 667 3154 conturbatam
693 3082 826 3154 exsulis
845 3090 999 3156 mentem
1019 3086 1176 3180 perpulit
1202 3110 1310 3182 prope

162 3236 219 3313 ¹ad
240 3235 406 3306 delirium
428 3233 539 3303 allata
555 3231 704 3326 epistola
726 3233 897 3328 Apicatae,
920 3258 1027 3328 quam
1044 3235 1130 3306 olim
1149 3235 1312 3330 repudia-

174 3391 277 3457 verat
298 3380 460 3472 Sejanus,
478 3379 746 3450 matrimonium
757 3387 844 3451 tuno
860 3379 1018 3451 ambiens
1032 3380 1185 3474 Livillae,
1203 3406 1312 3478 quam

174 3528 284 3601 Dru-si
301 3527 487 3620 conjugem
501 3526 568 3598 sibi
582 3523 658 3616 jam
678 3525 853 3596 adulterio
877 3525 1115 3599 devinxerat:
1138 3530 1213 3619 ubi,
1236 3553 1313 3624 per·
1386 3520 1388 3524 ⁷

175 3677 271 3749 oulso
293 3673 433 3766 Sejano,
461 3673 657 3744 trucidatos
689 3696 769 3744 suos
797 3680 832 3744 01
861 3672 960 3746 111100
985 3675 1154 3769 parvulos
1180 3676 1310 3748 liberos

178 3824 326 3920 «idque
356 3822 472 3894 aetatis
502 3844 649 3914 corpora
676 3818 815 3930 abjecta
833 3820 872 3893 in
893 3820 1081 3896 Gemonias
1103 3850 1119 3893 0
1160 3824 1314 3929 Apicata

176 3967 417 4064 contemplata
437 3973 501 4056 est,
525 3973 687 4038 materno
707 3967 808 4038 luctu
826 3967 976 4062 percita,
994 3977 1030 4041 et
1038 3977 1230 4065 antequam
1246 3971 1314 4042 sibi

176 4123 324 4215 mortem
342 4113 529 4218 consciret,
554 4111 708 4207 alicujus
727 4115 852 4186 saltem
869 4114 1018 4188 ultionis
1033 4115 1152 4206 avida,
1166 4141 1233 4213 per
1248 4118 1314 4190 has

176 4264 315 4336 litteras
334 4262 706 4336 Tiberium-edocebat-
730 4262 842 4334 filium
872 4260 948 4354 ejus
973 4263 1127 4334 Drusum
1157 4285 1226 4335 uon
1259 4264 1311 4336 in-
