2926 4934
173 266 238 310 roo
630 262 676 310 nn
702 259 826 311 merso

166 390 455 462 subscribendam
487 410 561 459 esse
592 379 871 483 judicarimus),
907 387 1054 459 anxium
1089 394 1126 459 et
1162 409 1299 483 semper

164 537 330 608 mobilem
367 535 475 607 istum
511 543 706 631 tyrannum
740 533 975 629 impellebant
1010 533 1218 630 plerumque
1255 511 1328 606 ae'

163 685 413 758 distrahebant
440 691 504 756 aut
526 693 640 757 metus
668 706 756 778 quos
784 682 924 756 abunde
949 682 1200 773 recensuimus
1230 690 1298 755 ant

163 834 387 906 conscientia
413 840 591 906 tormenta
616 857 694 928 quae
721 832 866 906 Tacitus
898 833 1109 905 memoravit
1135 831 1295 928 quidem,

164 981 311 1053 sednon
330 980 418 1053 satis
437 980 691 1075 interrogavit3
714 987 778 1053 aut
791 980 857 1053 illa
874 979 1080 1076 superstitio
1090 979 1208 1074 impiis
1220 980 1299 1074 qui-

164 1129 242 1200 dem
260 1152 394 1222 semper
414 1127 533 1216 solita,
554 1127 649 1219 apud
668 1149 748 1199 eum
766 1150 849 1198 vero
868 1125 1048 1221 Thrasylli
1079 1098 1295 1222 discipulum

162 1278 268 1370 longe
296 1273 510 1371 praevalens3
549 1279 612 1345 aut
643 1272 849 1368 aliquando,
882 1279 925 1345 ut
954 1279 1096 1345 caeteros
1119 1272 1292 1365 homines,

162 1422 370 1519 repentinus
398 1419 508 1492 animi
534 1418 688 1515 impetus
694 1442 705 1510 3
740 1427 803 1493 aut
830 1419 998 1516 quaelibet
1021 1443 1066 1493 ex
1093 1419 1297 1517 improvisis

163 1569 238 1640 illis
264 1591 304 1639 ae
323 1567 463 1640 levibus
487 1566 603 1640 causis
629 1592 721 1663 quac,
743 1567 937 1663 pervitam
964 1567 1122 1641 omnium
1150 1568 1293 1656 crebra,

164 1714 259 1810 apud
279 1714 344 1840 hos
365 1714 512 1789 Arznoles
536 1713 658 1805 nullae,
689 1714 725 1786 in
756 1713 913 1787 historiis
931 1720 1080 1789 eventus
1099 1713 1230 1785 multos
1253 1737 1295 1785 ac

52 1906 56 1913 ·
164 1889 253 1960 saepe
279 1887 407 1959 graves
432 1863 634 1952 ediderunt,
658 1885 699 1935 ac
721 1870 840 1937 tamen
862 1862 1093 1937 historiarum
1118 1869 1291 1952 auctores,

163 2013 220 2085 vel
240 2036 405 2103 summos,
427 2012 554 2085 fallere
572 2010 698 2083 solent.

211 2469 470 2564 Improbandus
494 2494 575 2565 ergo
599 2471 743 2543 Tacitus
770 2471 878 2565 quod,
900 2470 994 2543 cirea
1012 2493 1125 2546 mores
1144 2477 1294 2565 actaque

163 2616 309 2708 Tiberii,
344 2617 483 2712 poetica
515 2619 790 2714 exaggeratione
822 2627 858 2693 et
890 2619 1026 2691 artibus
1060 2619 1294 2714 componendi

163 2788 271 2859 prope
290 2764 448 2858 tragicis,
469 2767 711 2859 potiusquam
730 2765 959 2861 simplicitate
974 2774 1009 2838 et
1022 2765 1089 2839 fide
1108 2790 1225 2838 rerum
1247 2767 1294 2838 sit

163 2934 276 3001 usus:
305 2912 530 2984 damnandus
555 2912 675 3002 etiam,
700 2913 793 3008 quod
820 2914 942 3009 populi
971 2915 1121 2987 Romani
1147 2916 1293 2987 servilia

164 3058 284 3131 studia
312 3059 540 3157 facinoraque
569 3058 744 3133 coloribus
767 3084 875 3157 supra
894 3060 1082 3135 veritatem
1109 3062 1211 3135 lindis
1237 3063 1293 3137 de-

163 3206 333 3301 pinxerit.

215 3632 281 3704 Sed
301 3633 374 3705 illis
396 3635 490 3705 tanti
517 3634 588 3707 viri
613 3638 766 3731 peccatis
784 3639 1024 3734 pulcherrima
1044 3643 1223 3716 afferenda
1240 3654 1295 3717 est

165 3781 358 3853 exeusatic.
394 3782 597 3879 Numquam
634 3787 729 3857 enim
761 3789 1042 3862 obliviscendum
1079 3793 1184 3887 quale
1220 3795 1295 3867 suis

161 3928 356 4003 Annalibus
374 3930 449 4024 ipse
466 3955 595 4003 munus
614 3933 819 4023 indixisset3
842 3937 984 4011 insitum
1000 3941 1097 4034 genti
1127 3941 1292 4013 Romame

163 4076 442 4149 assentationum
456 4078 640 4150 libidinem
659 4084 833 4174 cohibere,
852 4084 1032 4158 intentata
1045 4087 1292 4162 infensissima

160 4224 413 4299 dominationis
432 4226 602 4321 imagine,
625 4238 800 4303 statuerat
807 4255 816 4319 3
840 4233 902 4304 vix
922 4245 1162 4311 renascentem
1182 4237 1290 4311 liber-
