2926 4934
290 292 334 365 58
758 317 804 366 nn
831 314 956 365 elene

288 439 492 533 prudentia,
530 438 761 513 Germanicus
792 441 967 513 instinctu
997 439 1150 535 quodam
1182 437 1324 526 bellico,
1360 437 1425 509 cle-

287 585 424 658 mentia
443 586 481 657 in
499 586 612 659 victos
631 609 671 659 ac
689 586 788 661 felici
804 586 966 676 audacia,
989 587 1248 663 inclaruerant.
1285 658 1288 665 ,
1378 636 1382 642 -

337 879 499 973 Denique
519 879 667 951 comitas
685 879 752 950 illa
771 879 934 968 curandi,
957 902 1029 972 qua
1048 877 1150 950 sociis
1174 886 1210 950 et
1227 879 1424 973 provinciis

288 1029 375 1101 adeo
395 1035 518 1122 gratus
534 1034 623 1116 erat,
641 1027 782 1100 Tiberia
803 1051 918 1122 neque
938 1025 1167 1099 formidolosa
1190 1050 1264 1100 esse
1284 1033 1426 1122 poterat

286 1201 351 1250 nec
375 1177 542 1269 ingrata3
564 1174 632 1245 hac
646 1175 741 1245 enim
759 1173 929 1268 aequitate
954 1197 1048 1245 nova
1068 1173 1246 1249 Caesarum
1268 1176 1425 1249 auctori-

285 1333 341 1397 tas
360 1324 475 1420 prisco
496 1321 649 1394 Senatus
668 1345 709 1394 ac
737 1322 861 1417 populi
885 1321 1033 1416 imperio
1056 1321 1304 1412 antecellebat,
1326 1321 1425 1417 iique

285 1495 399 1544 mores
416 1469 569 1543 recentis
592 1470 661 1543 aevi
678 1469 856 1543 institutis
876 1472 985 1542 robur
1014 1469 1204 1543 addebant.
1228 1469 1425 1545 Confitetur

285 1623 360 1718 ipse
378 1620 537 1710 Tacitae,
559 1619 760 1727 cumpositis
782 1617 1026 1723 aGermanicc
1046 1618 1203 1691 Orientis
1221 1620 1340 1710 rebuS,
1361 1621 1423 1694 lae-

283 1769 410 1842 tiaram
427 1791 464 1840 se
482 1766 674 1861 praebuisse
693 1766 875 1837 Tiberium
900 1789 986 1859 pace
1013 1765 1063 1841 sic
1089 1772 1195 1858 parta
1227 1793 1245 1835 r
1267 1768 1424 1861 quamsi

283 1915 419 1988 bellum
437 1938 500 2010 per
519 1914 611 1986 acies
630 1910 874 1985 confecissetl.
894 1938 910 1980 a
924 1913 1015 2005 Erga
1025 1911 1171 2004 juvenis
1186 1915 1423 1989 necessarium

284 2063 417 2135 cuncta
432 2062 570 2157 regenti
589 2060 759 2134 offerebat
775 2060 986 2149 subsidium,
1020 2061 1121 2156 isque
1133 2062 1249 2134 socius
1264 2064 1422 2157 profecto

286 2231 357 2281 non
374 2207 493 2281 minus
509 2206 624 2295 utilis,
640 2206 701 2279 sed
717 2205 835 2284 minus
849 2204 1002 2309 pertidus
1017 2205 1143 2279 fuisset
1158 2232 1265 2309 quam
1281 2212 1424 2287 exstitit

289 2353 452 2448 Sejanus.

332 2653 496 2748 Denique
529 2654 625 2725 salus
652 2652 811 2744 ejusdem
846 2654 1010 2725 turbidas
1038 2655 1232 2727 multorum
1268 2662 1420 2746 mentes,

283 2799 512 2908 restituendae
531 2797 709 2870 libertatis
727 2797 864 2888 avidas,
886 2799 925 2870 in
944 2807 1084 2894 tempus
1101 2824 1163 2893 spe
1186 2801 1423 2875 blandissima

284 2947 509 3020 demulcebat
527 2969 536 3017 ε
552 2967 646 3015 mors
666 2951 804 3048 contra,
821 2946 1060 3039 suspicionum
1075 2955 1111 3019 et
1124 2946 1284 3020 odiorum
1300 2951 1421 3044 ampla

284 3095 462 3184 materiae,
483 3115 632 3166 uxorem
652 3092 709 3163 sui
728 3092 959 3187 impetentem
979 3117 1044 3166 nec
1064 3095 1141 3188 jam
1165 3120 1186 3167 a
1205 3097 1365 3192 sapiente
1383 3107 1422 3183 et

283 3243 412 3315 dilecto
432 3239 561 3311 marito
580 3238 781 3327 fraenatam,
799 3237 890 3310 filios
908 3263 991 3311 mox
1011 3241 1165 3333 adultae,
1183 3243 1340 3317 militum
1359 3245 1421 3317 de·

284 3390 392 3483 nique
413 3412 453 3459 ae
481 3386 715 3459 familiarium
734 3389 891 3476 turbam,
913 3387 953 3459 in
976 3389 1178 3484 Principem
1198 3401 1276 3464 erat
1300 3417 1419 3467 neces-

284 3537 376 3611 sario
393 3541 588 3615 armatura.
610 3535 737 3608 Nonne
755 3535 867 3630 igitur
885 3545 1034 3611 mortem
1052 3537 1255 3612 Germanici
1273 3548 1416 3635 patruo,

278 3711 390 3784 ,quem
412 3691 551 3780 patrem
574 3683 632 3757 illi
651 3685 793 3780 adoptio
810 3686 958 3778 facerat,
983 3687 1077 3759 inter
1097 3688 1258 3780 adversa,
1287 3691 1418 3764 nedum

283 3855 462 3930 prospera,
480 3831 693 3919 habendam,
715 3839 752 3903 et
770 3833 924 3905 maxime
942 3834 1188 3929 periculosam,
1206 3839 1337 3910 nedum
1357 3865 1419 3936 op-

284 3987 489 4076 portunam,
512 3977 621 4050 luisse
635 3977 820 4051 fatendum
839 3981 920 4052 est?

327 4294 334 4325 ¹
352 4293 429 4355 Ann.
445 4294 480 4369 ll,
495 4290 545 4370 64.
