2918 4920
702 834 750 904 ll.

180 1122 296 1175 AUCTA
322 1123 357 1174 IN
382 1089 596 1175 MIRACULUM
622 1125 645 1175 Α
670 1124 796 1177 Tremo
821 1125 954 1175 Tlllllltll
980 1124 1284 1185 ROMANORUMQUE

631 1269 813 1332 NEQUITIA.

215 1579 353 1652 liberio
373 1605 497 1677 nempe
516 1585 701 1677 ingenium
717 1583 897 1675 judicavit
917 1589 1048 1652 natura
1066 1580 1187 1652 statim
1202 1601 1296 1650 com·

164 1735 332 1822 paratum
352 1730 458 1824 quale
477 1732 543 1802 sub
579 1730 683 1803 finem
712 1732 844 1825 erupit,
872 1753 1023 1825 eumque
1048 1728 1212 1800 consulta
1234 1709 1299 1821 per
1364 1776 1367 1780 -

163 1875 494 1973 pessimaquecque,
515 1878 618 1951 bonis
636 1879 732 1949 ultro
751 1877 899 1967 relictis
921 1875 1141 1949 devolutum.
1175 1876 1298 1968 Ipsum

162 2022 204 2093 in
224 2022 423 2118 Principem
442 2026 524 2120 plus
548 2050 647 2122 aequo
675 2026 853 2098 invidiam
877 2024 1052 2120 congessit
1078 2023 1298 2116 saevitiarum

165 2192 208 2240 ao
222 2171 461 2264 proditionum
479 2173 610 2268 quibus
627 2196 671 2245 ea
688 2173 823 2245 infecta
843 2180 926 2244 sunt
944 2179 1118 2265 tempora.
1140 2169 1292 2241 Illarum
1394 2219 1407 2245 .

164 2340 270 2389 veras
288 2340 411 2391 causas
431 2328 494 2392 aut
509 2321 666 2410 reticuit,
690 2328 753 2392 aut
772 2321 987 2392 attenuavit.
1010 2317 1185 2412 Denique,
1213 2317 1299 2390 ‹lum

163 2464 387 2559 peritissimis
423 2436 566 2562 quidem
605 2469 777 2541 narrandi
820 2467 1122 2563 componendique
1161 2466 1300 2538 artibus

164 2612 286 2684 odium
304 2614 342 2685 in
362 2615 558 2705 saevientes,
581 2615 857 2688 misericordiam
876 2615 914 2685 in
933 2613 1098 2685 victimas
1119 2612 1298 2684 concitare

164 2760 298 2853 gestit,
328 2761 471 2834 illorum
494 2763 721 2857 perversitati
739 2764 937 2856 harumque
975 2756 1187 2832 innocentiae
1221 2782 1293 2832 non
1380 2797 1384 2804 ·

163 2931 280 3000 pauca
299 2933 406 3004 supra
420 2909 612 2982 ueritatem
633 2910 799 2982 contulit.

215 3057 301 3143 Quae
332 3057 522 3130 Annalium
553 3058 753 3130 narrationi
781 3060 920 3130 subesse
951 3055 1041 3128 vitia
1061 3081 1131 3151 quo
1162 3054 1295 3128 clarius

163 3212 347 3327 appareat,
369 3216 478 3298 q'uum
498 3207 610 3300 ipsam
629 3207 893 3300 perlegentibus
906 3227 1025 3277 rerum
1038 3203 1226 3276 diversitas
1242 3204 1294 3276 in-

162 3351 335 3422 tentionis
349 3353 459 3424 aciem
478 3354 589 3425 soleat
609 3355 830 3451 abrumpere,¹
852 3351 1015 3422 breviore
1037 3351 1140 3445 quasi
1159 3351 1294 3423 tabella

163 3498 321 3592 amplam
339 3499 439 3570 illam
456 3500 648 3594 imaginem
667 3500 880 3594 complectar
896 3519 906 3586 3
928 3498 981 3569 ita
1000 3496 1141 3568 demum
1161 3497 1204 3570 de
1217 3496 1296 3570 uni·
1382 3604 1387 3615 ι

162 3667 272 3719 versa
285 3652 378 3717 recte
392 3645 626 3739 judicabitur.

213 3792 402 3865 Hominem
424 3793 517 3888 finge
536 3795 605 3867 tibi
624 3801 876 3897 prepotentem
903 3801 1020 3868 mente
1038 3801 1075 3866 et
1104 3792 1293 3882 callidum,

160 3945 340 4014 bonarum
370 3941 499 4013 artium
518 3950 554 4014 et
572 3941 694 4037 gloria
716 3943 920 4039 voluptates
938 3940 1053 4035 primo
1084 3945 1295 4034 expertum,

161 4089 225 4160 sed
244 4086 388 4157 saevitia
414 4087 755 4184 l'aedissimarumque
778 4089 988 4164 deliciarum
1012 4087 1158 4159 avidum
1178 4072 1215 4157 et
1235 4093 1300 4156 eri-

159 4233 288 4332 plendi
304 4232 494 4328 aliquando
514 4236 642 4307 atrocis
661 4236 768 4328 hujus
787 4238 925 4331 ingenii
944 4243 1105 4324 certum3
1135 4258 1217 4307 mox
1238 4257 1300 4327 per·
