2918 4920
705 854 769 927 VI.

167 1129 308 1199 rinnau,
339 1129 410 1179 vna
435 1129 474 1179 m
499 1127 607 1179 Parus
632 1128 782 1196 murnai,
813 1127 907 1179 noxa
938 1126 1099 1186 cornuam
1124 1125 1147 1175 n
1172 1123 1297 1176 suerro

451 1274 521 1327 vna
548 1275 686 1342 onrssA,
715 1273 785 1323 van
810 1271 1008 1324 arranem.

207 1570 293 1643 Jam
314 1570 360 1643 ad
377 1573 608 1666 posteriorem
627 1573 809 1645 Tiberiani
829 1571 1051 1668 principatus
1072 1577 1210 1666 partem
1235 1568 1296 1640 de·

167 1717 291 1791 ductus
306 1718 425 1808 venio,
444 1743 507 1813 per
521 1743 632 1821 quam
645 1721 809 1810 Romani,
827 1743 889 1791 suo
907 1743 988 1791 oum
1000 1711 1146 1807 rectore,
1168 1721 1298 1789 cuncta

171 1866 207 1941 in-
220 1865 365 1960 flagitia
383 1876 624 1962 proruperunt
645 1894 654 1942 :
676 1892 796 1962 quam,
824 1869 1031 1940 saeculorum
1056 1862 1298 1939 exsecratione

166 2010 323 2106 dignam,
345 2037 388 2083 ea
402 2012 545 2106 pictura
563 2013 755 2107 castigavit
773 2013 964 2086 acerrimus
981 2012 1044 2084 1111
1062 2019 1298 2107 tyrannorum

163 2160 462 2254 adulatorumque
486 2161 692 2254 insectator,
712 2170 756 2233 ut
770 2163 984 2258 quicumque
998 2137 1094 2232 talia
1110 2159 1298 2239 defendere

163 2307 360 2402 susceperit
385 2309 443 2379 vel
471 2333 658 2399 excusare,
691 2310 778 2383 adeo
807 2309 985 2381 socordem
1013 2315 1157 2403 propter
1186 2305 1298 2378 auda·

153 2455 254 2529 -ciam
273 2453 358 2547 jure
376 2454 582 2528 irrideatur.
614 2457 694 2547 Sed,
724 2459 835 2551 quum
863 2457 951 2529 satis
972 2454 1049 2548 jam
1074 2479 1136 2550 per
1163 2478 1199 2526 se
1223 2455 1301 2525 hor·

160 2609 267 2677 reant
287 2626 329 2674 ae
348 2602 515 2674 sordeant
531 2602 622 2674 talia
641 2610 815 2698 tempora,
836 2602 961 2674 debuit
977 2602 1134 2697 proiecto
1154 2600 1299 2672 histori-

161 2774 224 2823 cus
248 2749 433 2843 aequitate·
449 2748 506 2820 uti
533 2772 641 2843 quam
667 2749 847 2840 maxima,
874 2749 1086 2850 proprioque
1111 2773 1152 2820 ac
1180 2755 1299 2820 nostro

160 2895 277 2967 dolori
310 2919 472 2989 pareone,
505 2895 643 2966 artibus
671 2895 847 2966 abstinere
876 2919 954 2989 quae
982 2859 1225 2990 portentosum
1262 2895 1300 2965 in

163 3041 311 3116 modum
332 3041 439 3113 nimis
457 3040 635 3136 insignem
656 3041 880 3114 atrocitatem
899 3050 1082 3136 augerent.

212 3193 265 3263 At
283 3192 389 3285 longe
408 3190 512 3264 aliter
530 3190 687 3262 Tacitus.

209 3487 331 3561 Primo
350 3486 457 3578 enim,
488 3510 567 3580 quae
585 3486 735 3562 meliora
756 3493 792 3558 et
810 3474 990 3581 prioribus
1017 3488 1115 3560 haud
1134 3489 1297 3586 indigna,

157 3637 219 3711 vel
239 3643 320 3731 post
338 3634 472 3708 Tiberii
490 3634 738 3725 mutationem,
761 3644 965 3728 occurrunt,
986 3644 1049 3709 aut
1065 3637 1220 3734 ¹negligit
1239 3647 1303 3712 aut

160 3784 324 3860 detrahit
349 3807 358 3856 :
387 3783 573 3878 perplexos
601 3781 736 3855 scilicet
766 3784 930 3856 laborum
960 3759 1123 3859 numeros
1156 3786 1298 3881 quibua,
1361 3752 1369 3772 ι

157 3945 240 4008 tam
256 3935 330 4005 late
348 3939 530 4028 patentem
552 3931 900 4004 administrationem
916 3936 1094 4006 constanti
1111 3935 1300 4030 sagacique

162 4090 285 4156 mente
316 4080 520 4175 complexus
532 4137 543 4171 ,
583 4079 738 4173 Augusti
778 4103 954 4153 successor
987 4081 1128 4152 tamdiu
1158 4106 1220 4176 per
1248 4090 1302 4153 tot

165 4237 291 4325 gentes
317 4227 472 4324 quietem
499 4250 539 4298 ac
566 4224 792 4299 securitatem
822 4223 1097 4317 confirmaverit,
1125 4251 1300 4325 nusquam
