<?xml version="1.0" encoding="UTF-8"?>
<!DOCTYPE html PUBLIC "-//W3C//DTD XHTML 1.0 Transitional//EN"
    "http://www.w3.org/TR/xhtml1/DTD/xhtml1-transitional.dtd">
<html xmlns="http://www.w3.org/1999/xhtml" xml:lang="en" lang="en">
 <head>
  <title>
</title>
<meta http-equiv="Content-Type" content="text/html;charset=utf-8" />
  <meta name='ocr-system' content='tesseract 3.04.00' />
  <meta name='ocr-capabilities' content='ocr_page ocr_carea ocr_par ocr_line ocrx_word'/>
</head>
<body>
  <div class='ocr_page' id='page_1' title='image "./detacitiadenarr01duchgoog_0080.png"; bbox 0 0 2926 4934; ppageno 0'>
   <div class='ocr_carea' id='block_1_1' title="bbox 93 287 1300 1858">
    <p class='ocr_par' dir='ltr' id='par_1_1' title="bbox 125 287 1294 678">
     <span class='ocr_line' id='line_1_1' title="bbox 568 287 1291 383; baseline 0 -23"><span class='ocrx_word' id='word_1_1' title='bbox 568 308 672 362; x_wconf 75' lang='lat' dir='ltr'>ciaon</span> <span class='ocrx_word' id='word_1_2' title='bbox 697 308 870 370; x_wconf 77' lang='lat' dir='ltr'>naamon</span> <span class='ocrx_word' id='word_1_3' title='bbox 1246 287 1291 383; x_wconf 75' lang='lat'>67</span> 
     </span>
     <span class='ocr_line' id='line_1_2' title="bbox 161 435 1294 534; baseline 0 -27"><span class='ocrx_word' id='word_1_4' title='bbox 161 435 353 508; x_wconf 81' lang='lat' dir='ltr'><strong>identidem</strong></span> <span class='ocrx_word' id='word_1_5' title='bbox 381 438 454 509; x_wconf 91' lang='lat' dir='ltr'>illis</span> <span class='ocrx_word' id='word_1_6' title='bbox 485 439 735 531; x_wconf 88' lang='lat' dir='ltr'>revisionibus,</span> <span class='ocrx_word' id='word_1_7' title='bbox 770 447 1040 534; x_wconf 87' lang='lat' dir='ltr'>procuratorum</span> <span class='ocrx_word' id='word_1_8' title='bbox 1066 460 1209 533; x_wconf 91' lang='lat' dir='ltr'>suorum</span> <span class='ocrx_word' id='word_1_9' title='bbox 1237 437 1294 507; x_wconf 94' lang='lat' dir='ltr'>in-</span> 
     </span>
     <span class='ocr_line' id='line_1_3' title="bbox 125 582 1075 678; baseline 0.003 -24"><span class='ocrx_word' id='word_1_10' title='bbox 125 634 128 638; x_wconf 17' lang='grc'><strong><em>4</em></strong></span> <span class='ocrx_word' id='word_1_11' title='bbox 159 582 334 655; x_wconf 87' lang='lat' dir='ltr'>dustriam</span> <span class='ocrx_word' id='word_1_12' title='bbox 352 585 486 678; x_wconf 88' lang='lat' dir='ltr'>ubique</span> <span class='ocrx_word' id='word_1_13' title='bbox 503 587 685 659; x_wconf 83' lang='lat' dir='ltr'>exacuisse</span> <span class='ocrx_word' id='word_1_14' title='bbox 702 596 739 659; x_wconf 89' lang='lat' dir='ltr'>et</span> <span class='ocrx_word' id='word_1_15' title='bbox 752 587 844 658; x_wconf 87' lang='lat' dir='ltr'>vitia</span> <span class='ocrx_word' id='word_1_16' title='bbox 864 585 1075 658; x_wconf 82' lang='lat' dir='ltr'><strong>cohibuisse.</strong></span> 
     </span>
    </p>

    <p class='ocr_par' dir='ltr' id='par_1_2' title="bbox 93 732 1300 1858">
     <span class='ocr_line' id='line_1_4' title="bbox 208 732 1297 809; baseline -0.001 -3"><span class='ocrx_word' id='word_1_17' title='bbox 208 732 339 806; x_wconf 82' lang='lat' dir='ltr'>Olfecit</span> <span class='ocrx_word' id='word_1_18' title='bbox 382 735 506 806; x_wconf 91' lang='lat' dir='ltr'>eadem</span> <span class='ocrx_word' id='word_1_19' title='bbox 551 737 811 809; x_wconf 80' lang='lat' dir='ltr'>malevolentia</span> <span class='ocrx_word' id='word_1_20' title='bbox 850 737 972 808; x_wconf 85' lang='lat' dir='ltr'>Tacito</span> <span class='ocrx_word' id='word_1_21' title='bbox 1015 734 1190 807; x_wconf 80' lang='lat' dir='ltr'>scrutanti</span> <span class='ocrx_word' id='word_1_22' title='bbox 1233 757 1297 806; x_wconf 88' lang='lat' dir='ltr'>cur</span> 
     </span>
     <span class='ocr_line' id='line_1_5' title="bbox 160 880 1297 974; baseline 0.002 -24"><span class='ocrx_word' id='word_1_23' title='bbox 160 880 373 974; x_wconf 83' lang='lat' dir='ltr'>plerumque</span> <span class='ocrx_word' id='word_1_24' title='bbox 408 882 569 954; x_wconf 86' lang='lat' dir='ltr'>homines</span> <span class='ocrx_word' id='word_1_25' title='bbox 605 885 742 956; x_wconf 89' lang='lat' dir='ltr'>eosdem</span> <span class='ocrx_word' id='word_1_26' title='bbox 782 884 827 954; x_wconf 91' lang='lat' dir='ltr'>ad</span> <span class='ocrx_word' id='word_1_27' title='bbox 849 883 955 955; x_wconf 90' lang='lat' dir='ltr'>finem</span> <span class='ocrx_word' id='word_1_28' title='bbox 986 883 1071 954; x_wconf 80' lang='lat' dir='ltr'>vita</span> <span class='ocrx_word' id='word_1_29' title='bbox 1104 882 1143 953; x_wconf 93' lang='lat' dir='ltr'>in</span> <span class='ocrx_word' id='word_1_30' title='bbox 1171 882 1297 953; x_wconf 89' lang='lat' dir='ltr'>iisdem</span> 
     </span>
     <span class='ocr_line' id='line_1_6' title="bbox 160 1028 1298 1122; baseline 0.001 -23"><span class='ocrx_word' id='word_1_31' title='bbox 160 1028 379 1100; x_wconf 81' lang='lat' dir='ltr'>exercitibus</span> <span class='ocrx_word' id='word_1_32' title='bbox 399 1037 462 1099; x_wconf 90' lang='lat' dir='ltr'>aut</span> <span class='ocrx_word' id='word_1_33' title='bbox 480 1028 793 1122; x_wconf 88' lang='lat' dir='ltr'>jurisdictionibus</span> <span class='ocrx_word' id='word_1_34' title='bbox 811 1031 975 1101; x_wconf 89' lang='lat' dir='ltr'>Tiberius</span> <span class='ocrx_word' id='word_1_35' title='bbox 994 1028 1147 1100; x_wconf 88' lang='lat' dir='ltr'>retinere</span> <span class='ocrx_word' id='word_1_36' title='bbox 1172 1029 1298 1100; x_wconf 89' lang='lat' dir='ltr'>solitus</span> 
     </span>
     <span class='ocr_line' id='line_1_7' title="bbox 161 1175 1297 1272; baseline -0.002 -24"><span class='ocrx_word' id='word_1_37' title='bbox 161 1177 208 1248; x_wconf 87' lang='lat' dir='ltr'>sit</span> <span class='ocrx_word' id='word_1_38' title='bbox 229 1200 237 1248; x_wconf 90' lang='lat'>:</span> <span class='ocrx_word' id='word_1_39' title='bbox 260 1199 358 1267; x_wconf 89' lang='lat' dir='ltr'>nam,</span> <span class='ocrx_word' id='word_1_40' title='bbox 381 1200 506 1248; x_wconf 88' lang='lat' dir='ltr'>causas</span> <span class='ocrx_word' id='word_1_41' title='bbox 532 1177 617 1248; x_wconf 91' lang='lat' dir='ltr'>dum</span> <span class='ocrx_word' id='word_1_42' title='bbox 641 1178 779 1272; x_wconf 81' lang='lat' dir='ltr'>oggerit</span> <span class='ocrx_word' id='word_1_43' title='bbox 806 1176 953 1248; x_wconf 87' lang='lat' dir='ltr'>minime</span> <span class='ocrx_word' id='word_1_44' title='bbox 973 1176 1184 1267; x_wconf 88' lang='lat' dir='ltr'>laudabiles,</span> <span class='ocrx_word' id='word_1_45' title='bbox 1213 1175 1297 1246; x_wconf 89' lang='lat' dir='ltr'>dum</span> 
     </span>
     <span class='ocr_line' id='line_1_8' title="bbox 165 1316 1298 1417; baseline -0.001 -23"><span class='ocrx_word' id='word_1_46' title='bbox 165 1322 208 1394; x_wconf 93' lang='lat' dir='ltr'>ad</span> <span class='ocrx_word' id='word_1_47' title='bbox 225 1323 485 1417; x_wconf 84' lang='lat' dir='ltr'>exquisitarum</span> <span class='ocrx_word' id='word_1_48' title='bbox 504 1324 766 1395; x_wconf 88' lang='lat' dir='ltr'>calumniarum</span> <span class='ocrx_word' id='word_1_49' title='bbox 786 1323 1018 1413; x_wconf 87' lang='lat' dir='ltr'>mentionem,</span> <span class='ocrx_word' id='word_1_50' title='bbox 1042 1323 1109 1394; x_wconf 89' lang='lat' dir='ltr'>tali</span> <span class='ocrx_word' id='word_1_51' title='bbox 1129 1316 1298 1417; x_wconf 80' lang='lat' dir='ltr'>scriptore</span> 
     </span>
     <span class='ocr_line' id='line_1_9' title="bbox 165 1454 1298 1564; baseline 0 -25"><span class='ocrx_word' id='word_1_52' title='bbox 165 1469 309 1540; x_wconf 91' lang='lat' dir='ltr'>minime</span> <span class='ocrx_word' id='word_1_53' title='bbox 341 1454 501 1562; x_wconf 78' lang='lat' dir='ltr'>dignam,</span> <span class='ocrx_word' id='word_1_54' title='bbox 534 1469 752 1560; x_wconf 88' lang='lat' dir='ltr'>descendit¹,</span> <span class='ocrx_word' id='word_1_55' title='bbox 783 1494 905 1542; x_wconf 88' lang='lat' dir='ltr'>veram</span> <span class='ocrx_word' id='word_1_56' title='bbox 936 1493 1098 1559; x_wconf 86' lang='lat' dir='ltr'>causam,</span> <span class='ocrx_word' id='word_1_57' title='bbox 1134 1469 1298 1564; x_wconf 83' lang='lat' dir='ltr'>quamvis</span> 
     </span>
     <span class='ocr_line' id='line_1_10' title="bbox 93 1588 1300 1710; baseline -0.001 -23"><span class='ocrx_word' id='word_1_58' title='bbox 93 1588 95 1599; x_wconf 31' lang='grc' dir='ltr'>Ι</span> <span class='ocrx_word' id='word_1_59' title='bbox 165 1616 391 1688; x_wconf 81' lang='lat' dir='ltr'>manifestam</span> <span class='ocrx_word' id='word_1_60' title='bbox 406 1625 442 1687; x_wconf 93' lang='lat' dir='ltr'>et</span> <span class='ocrx_word' id='word_1_61' title='bbox 461 1627 714 1707; x_wconf 88' lang='lat' dir='ltr'>occurrentem,</span> <span class='ocrx_word' id='word_1_62' title='bbox 739 1640 809 1688; x_wconf 94' lang='lat' dir='ltr'>non</span> <span class='ocrx_word' id='word_1_63' title='bbox 829 1618 940 1706; x_wconf 90' lang='lat' dir='ltr'>videt,</span> <span class='ocrx_word' id='word_1_64' title='bbox 962 1640 1039 1688; x_wconf 91' lang='lat' dir='ltr'>non</span> <span class='ocrx_word' id='word_1_65' title='bbox 1060 1616 1200 1710; x_wconf 89' lang='lat' dir='ltr'>accipit,</span> <span class='ocrx_word' id='word_1_66' title='bbox 1231 1617 1300 1687; x_wconf 88' lang='lat' dir='ltr'>sor·</span> 
     </span>
     <span class='ocr_line' id='line_1_11' title="bbox 168 1762 1298 1858; baseline 0 -26"><span class='ocrx_word' id='word_1_67' title='bbox 168 1784 230 1832; x_wconf 88' lang='lat' dir='ltr'>san</span> <span class='ocrx_word' id='word_1_68' title='bbox 244 1763 332 1856; x_wconf 89' lang='lat' dir='ltr'>qnia</span> <span class='ocrx_word' id='word_1_69' title='bbox 346 1763 529 1833; x_wconf 89' lang='lat' dir='ltr'>laudanda</span> <span class='ocrx_word' id='word_1_70' title='bbox 547 1772 636 1834; x_wconf 90' lang='lat' dir='ltr'>erat.</span> <span class='ocrx_word' id='word_1_71' title='bbox 664 1765 771 1834; x_wconf 90' lang='lat' dir='ltr'>Hunc</span> <span class='ocrx_word' id='word_1_72' title='bbox 786 1765 881 1834; x_wconf 90' lang='lat' dir='ltr'>enim</span> <span class='ocrx_word' id='word_1_73' title='bbox 898 1763 1049 1858; x_wconf 89' lang='lat' dir='ltr'>imperia</span> <span class='ocrx_word' id='word_1_74' title='bbox 1064 1762 1298 1835; x_wconf 88' lang='lat' dir='ltr'>continuandi</span> 
     </span>
    </p>
   </div>
   <div class='ocr_carea' id='block_1_2' title="bbox 167 1911 1301 2005">
    <p class='ocr_par' dir='ltr' id='par_1_3' title="bbox 167 1911 1301 2005">
     <span class='ocr_line' id='line_1_12' title="bbox 167 1911 1301 2005; baseline 0.001 -24"><span class='ocrx_word' id='word_1_75' title='bbox 167 1932 311 1999; x_wconf 91' lang='lat' dir='ltr'>morem,</span> <span class='ocrx_word' id='word_1_76' title='bbox 336 1911 431 2004; x_wconf 89' lang='lat' dir='ltr'>apud</span> <span class='ocrx_word' id='word_1_77' title='bbox 450 1935 514 1983; x_wconf 91' lang='lat' dir='ltr'>nos</span> <span class='ocrx_word' id='word_1_78' title='bbox 532 1913 774 1982; x_wconf 88' lang='lat' dir='ltr'>instauratum</span> <span class='ocrx_word' id='word_1_79' title='bbox 796 1936 817 1982; x_wconf 93' lang='lat' dir='ltr'>a</span> <span class='ocrx_word' id='word_1_80' title='bbox 833 1912 921 1982; x_wconf 89' lang='lat' dir='ltr'>viris</span> <span class='ocrx_word' id='word_1_81' title='bbox 940 1911 1003 2005; x_wconf 89' lang='lat' dir='ltr'>qui</span> <span class='ocrx_word' id='word_1_82' title='bbox 1020 1911 1190 2005; x_wconf 90' lang='lat' dir='ltr'>populum</span> <span class='ocrx_word' id='word_1_83' title='bbox 1209 1934 1301 1982; x_wconf 91' lang='lat' dir='ltr'>acer·</span> 
     </span>
    </p>
   </div>
   <div class='ocr_carea' id='block_1_3' title="bbox 171 2032 1301 2154">
    <p class='ocr_par' dir='ltr' id='par_1_4' title="bbox 171 2032 1301 2154">
     <span class='ocr_line' id='line_1_13' title="bbox 171 2032 1301 2154; baseline 0.001 -26"><span class='ocrx_word' id='word_1_84' title='bbox 171 2058 257 2129; x_wconf 90' lang='lat' dir='ltr'>rime</span> <span class='ocrx_word' id='word_1_85' title='bbox 288 2067 413 2129; x_wconf 86' lang='lat' dir='ltr'>contra</span> <span class='ocrx_word' id='word_1_86' title='bbox 441 2082 572 2153; x_wconf 88' lang='lat' dir='ltr'>paucos</span> <span class='ocrx_word' id='word_1_87' title='bbox 596 2032 759 2153; x_wconf 79' lang='lat' dir='ltr'>potentes</span> <span class='ocrx_word' id='word_1_88' title='bbox 782 2057 1003 2153; x_wconf 72' lang='lat' dir='ltr'>protexere2,</span> <span class='ocrx_word' id='word_1_89' title='bbox 1030 2067 1207 2154; x_wconf 86' lang='lat' dir='ltr'>tyrannus</span> <span class='ocrx_word' id='word_1_90' title='bbox 1234 2057 1301 2129; x_wconf 90' lang='lat' dir='ltr'>iste</span> 
     </span>
    </p>
   </div>
   <div class='ocr_carea' id='block_1_4' title="bbox 162 2206 1303 3622">
    <p class='ocr_par' dir='ltr' id='par_1_5' title="bbox 162 2206 1303 3185">
     <span class='ocr_line' id='line_1_14' title="bbox 165 2206 1300 2301; baseline 0.001 -26"><span class='ocrx_word' id='word_1_91' title='bbox 165 2206 358 2295; x_wconf 73' lang='lat' dir='ltr'>servabat,</span> <span class='ocrx_word' id='word_1_92' title='bbox 404 2229 471 2294; x_wconf 88' lang='lat' dir='ltr'>ne,</span> <span class='ocrx_word' id='word_1_93' title='bbox 515 2207 641 2301; x_wconf 78' lang='lat' dir='ltr'>saepius</span> <span class='ocrx_word' id='word_1_94' title='bbox 680 2209 861 2278; x_wconf 82' lang='lat' dir='ltr'>renovatis</span> <span class='ocrx_word' id='word_1_95' title='bbox 889 2206 1108 2301; x_wconf 68' lang='lat' dir='ltr'>[praesidibus</span> <span class='ocrx_word' id='word_1_96' title='bbox 1151 2230 1300 2301; x_wconf 88' lang='lat' dir='ltr'>quorum</span> 
     </span>
     <span class='ocr_line' id='line_1_15' title="bbox 169 2330 1303 2447; baseline 0.001 -25"><span class='ocrx_word' id='word_1_97' title='bbox 169 2330 347 2445; x_wconf 72' lang='lat' dir='ltr'>rapacitas</span> <span class='ocrx_word' id='word_1_98' title='bbox 362 2352 520 2424; x_wconf 91' lang='lat' dir='ltr'>nonnisi</span> <span class='ocrx_word' id='word_1_99' title='bbox 538 2353 671 2423; x_wconf 88' lang='lat' dir='ltr'>satiata</span> <span class='ocrx_word' id='word_1_100' title='bbox 697 2353 913 2447; x_wconf 82' lang='lat' dir='ltr'>quiescebat,</span> <span class='ocrx_word' id='word_1_101' title='bbox 932 2362 1142 2425; x_wconf 83' lang='lat' dir='ltr'>vexatorum</span> <span class='ocrx_word' id='word_1_102' title='bbox 1169 2354 1303 2447; x_wconf 84' lang='lat' dir='ltr'>expila-</span> 
     </span>
     <span class='ocr_line' id='line_1_16' title="bbox 165 2497 1301 2593; baseline 0.001 -24"><span class='ocrx_word' id='word_1_103' title='bbox 165 2504 354 2592; x_wconf 81' lang='lat' dir='ltr'>torumque</span> <span class='ocrx_word' id='word_1_104' title='bbox 371 2497 512 2568; x_wconf 86' lang='lat' dir='ltr'>tamdiu</span> <span class='ocrx_word' id='word_1_105' title='bbox 532 2499 703 2569; x_wconf 91' lang='lat' dir='ltr'>sociorum</span> <span class='ocrx_word' id='word_1_106' title='bbox 724 2499 819 2570; x_wconf 91' lang='lat' dir='ltr'>mala</span> <span class='ocrx_word' id='word_1_107' title='bbox 840 2499 916 2570; x_wconf 90' lang='lat' dir='ltr'>sine</span> <span class='ocrx_word' id='word_1_108' title='bbox 936 2499 1005 2572; x_wconf 92' lang='lat' dir='ltr'>fine</span> <span class='ocrx_word' id='word_1_109' title='bbox 1019 2501 1301 2593; x_wconf 87' lang='lat' dir='ltr'>redintegraren-</span> 
     </span>
     <span class='ocr_line' id='line_1_17' title="bbox 162 2643 1300 2740; baseline -0.001 -23"><span class='ocrx_word' id='word_1_110' title='bbox 162 2643 250 2717; x_wconf 69' lang='lat' dir='ltr'>‘tur³</span> <span class='ocrx_word' id='word_1_111' title='bbox 271 2667 280 2717; x_wconf 74' lang='grc' dir='ltr'>ε</span> <span class='ocrx_word' id='word_1_112' title='bbox 299 2646 366 2716; x_wconf 93' lang='lat' dir='ltr'>hoc</span> <span class='ocrx_word' id='word_1_113' title='bbox 385 2645 473 2740; x_wconf 90' lang='lat' dir='ltr'>ipse,</span> <span class='ocrx_word' id='word_1_114' title='bbox 492 2646 643 2738; x_wconf 82' lang='lat' dir='ltr'>vulgata</span> <span class='ocrx_word' id='word_1_115' title='bbox 657 2647 701 2718; x_wconf 91' lang='lat' dir='ltr'>de</span> <span class='ocrx_word' id='word_1_116' title='bbox 715 2647 841 2719; x_wconf 85' lang='lat' dir='ltr'>Sancio</span> <span class='ocrx_word' id='word_1_117' title='bbox 861 2671 901 2717; x_wconf 90' lang='lat' dir='ltr'>ac</span> <span class='ocrx_word' id='word_1_118' title='bbox 921 2648 1053 2718; x_wconf 87' lang='lat' dir='ltr'>Muscis</span> <span class='ocrx_word' id='word_1_119' title='bbox 1067 2647 1213 2735; x_wconf 87' lang='lat' dir='ltr'>fabella,</span> <span class='ocrx_word' id='word_1_120' title='bbox 1229 2671 1300 2717; x_wconf 90' lang='lat' dir='ltr'>non</span> 
     </span>
     <span class='ocr_line' id='line_1_18' title="bbox 162 2791 1294 2888; baseline -0.001 -23"><span class='ocrx_word' id='word_1_121' title='bbox 162 2791 576 2886; x_wconf 73' lang='lat' dir='ltr'>semolsignificave1ac⁴</span> <span class='ocrx_word' id='word_1_122' title='bbox 610 2817 617 2863; x_wconf 92' lang='lat'>:</span> <span class='ocrx_word' id='word_1_123' title='bbox 649 2793 709 2864; x_wconf 88' lang='lat' dir='ltr'>sed</span> <span class='ocrx_word' id='word_1_124' title='bbox 734 2794 817 2864; x_wconf 89' lang='lat' dir='ltr'>illas</span> <span class='ocrx_word' id='word_1_125' title='bbox 841 2794 972 2888; x_wconf 88' lang='lat' dir='ltr'>direpti</span> <span class='ocrx_word' id='word_1_126' title='bbox 1004 2795 1099 2864; x_wconf 90' lang='lat' dir='ltr'>orbis</span> <span class='ocrx_word' id='word_1_127' title='bbox 1133 2794 1294 2864; x_wconf 90' lang='lat' dir='ltr'>miserias</span> 
     </span>
     <span class='ocr_line' id='line_1_19' title="bbox 168 2938 1296 3036; baseline 0 -25"><span class='ocrx_word' id='word_1_128' title='bbox 168 2938 371 3028; x_wconf 87' lang='lat' dir='ltr'>historicus,</span> <span class='ocrx_word' id='word_1_129' title='bbox 408 2939 574 3032; x_wconf 88' lang='lat' dir='ltr'>quamvis</span> <span class='ocrx_word' id='word_1_130' title='bbox 600 2939 716 3010; x_wconf 85' lang='lat' dir='ltr'>animo</span> <span class='ocrx_word' id='word_1_131' title='bbox 755 2963 826 3011; x_wconf 91' lang='lat' dir='ltr'>non</span> <span class='ocrx_word' id='word_1_132' title='bbox 866 2942 985 3012; x_wconf 90' lang='lat' dir='ltr'>minus</span> <span class='ocrx_word' id='word_1_133' title='bbox 1012 2964 1120 3036; x_wconf 89' lang='lat' dir='ltr'>quam</span> <span class='ocrx_word' id='word_1_134' title='bbox 1155 2941 1296 3034; x_wconf 82' lang='lat' dir='ltr'>ingenio</span> 
     </span>
     <span class='ocr_line' id='line_1_20' title="bbox 168 3054 812 3185; baseline -0.003 -28"><span class='ocrx_word' id='word_1_135' title='bbox 168 3085 343 3178; x_wconf 84' lang='lat' dir='ltr'>egregius,</span> <span class='ocrx_word' id='word_1_136' title='bbox 366 3107 428 3178; x_wconf 93' lang='lat' dir='ltr'>pro</span> <span class='ocrx_word' id='word_1_137' title='bbox 449 3054 521 3185; x_wconf 76' lang='lat' dir='ltr'>leri</span> <span class='ocrx_word' id='word_1_138' title='bbox 541 3084 693 3177; x_wconf 89' lang='lat' dir='ltr'>pendere</span> <span class='ocrx_word' id='word_1_139' title='bbox 713 3085 812 3156; x_wconf 89' lang='lat' dir='ltr'>solet.</span> 
     </span>
    </p>

    <p class='ocr_par' dir='ltr' id='par_1_6' title="bbox 166 3229 1301 3622">
     <span class='ocr_line' id='line_1_21' title="bbox 216 3229 1301 3324; baseline 0.002 -21"><span class='ocrx_word' id='word_1_140' title='bbox 216 3233 287 3304; x_wconf 84' lang='lat' dir='ltr'>Eas</span> <span class='ocrx_word' id='word_1_141' title='bbox 306 3233 400 3302; x_wconf 92' lang='lat' dir='ltr'>enim</span> <span class='ocrx_word' id='word_1_142' title='bbox 419 3229 557 3324; x_wconf 89' lang='lat' dir='ltr'>quoties</span> <span class='ocrx_word' id='word_1_143' title='bbox 581 3231 767 3302; x_wconf 88' lang='lat' dir='ltr'>ulciscitur</span> <span class='ocrx_word' id='word_1_144' title='bbox 783 3231 959 3320; x_wconf 86' lang='lat' dir='ltr'>Tiberius,</span> <span class='ocrx_word' id='word_1_145' title='bbox 984 3230 1201 3324; x_wconf 90' lang='lat' dir='ltr'>judiciorum</span> <span class='ocrx_word' id='word_1_146' title='bbox 1225 3233 1301 3305; x_wconf 91' lang='lat' dir='ltr'>illo-</span> 
     </span>
     <span class='ocr_line' id='line_1_22' title="bbox 166 3376 1300 3471; baseline -0.002 -18"><span class='ocrx_word' id='word_1_147' title='bbox 166 3402 249 3453; x_wconf 88' lang='lat' dir='ltr'>rum</span> <span class='ocrx_word' id='word_1_148' title='bbox 274 3378 485 3450; x_wconf 88' lang='lat' dir='ltr'>relationem</span> <span class='ocrx_word' id='word_1_149' title='bbox 512 3377 563 3448; x_wconf 90' lang='lat' dir='ltr'>sic</span> <span class='ocrx_word' id='word_1_150' title='bbox 586 3377 743 3471; x_wconf 87' lang='lat' dir='ltr'>disponit</span> <span class='ocrx_word' id='word_1_151' title='bbox 769 3376 1018 3450; x_wconf 88' lang='lat' dir='ltr'>callidissimus</span> <span class='ocrx_word' id='word_1_152' title='bbox 1040 3388 1218 3471; x_wconf 85' lang='lat' dir='ltr'>narrator,</span> <span class='ocrx_word' id='word_1_153' title='bbox 1251 3380 1300 3452; x_wconf 89' lang='lat' dir='ltr'>sic</span> 
     </span>
     <span class='ocr_line' id='line_1_23' title="bbox 166 3520 1301 3622; baseline 0.002 -23"><span class='ocrx_word' id='word_1_154' title='bbox 166 3533 355 3621; x_wconf 84' lang='lat' dir='ltr'>temperat,</span> <span class='ocrx_word' id='word_1_155' title='bbox 386 3531 429 3594; x_wconf 90' lang='lat' dir='ltr'>ut</span> <span class='ocrx_word' id='word_1_156' title='bbox 452 3520 564 3616; x_wconf 90' lang='lat' dir='ltr'>ipsius</span> <span class='ocrx_word' id='word_1_157' title='bbox 592 3521 643 3592; x_wconf 82' lang='lat' dir='ltr'>rei</span> <span class='ocrx_word' id='word_1_158' title='bbox 670 3522 803 3592; x_wconf 91' lang='lat' dir='ltr'>scelera</span> <span class='ocrx_word' id='word_1_159' title='bbox 827 3546 897 3593; x_wconf 93' lang='lat' dir='ltr'>non</span> <span class='ocrx_word' id='word_1_160' title='bbox 916 3523 1060 3617; x_wconf 87' lang='lat' dir='ltr'>quidem</span> <span class='ocrx_word' id='word_1_161' title='bbox 1084 3534 1189 3619; x_wconf 83' lang='lat' dir='ltr'>neget</span> <span class='ocrx_word' id='word_1_162' title='bbox 1216 3526 1301 3622; x_wconf 83' lang='lat' dir='ltr'>(ple-</span> 
     </span>
    </p>
   </div>
   <div class='ocr_carea' id='block_1_5' title="bbox 165 3668 1303 3766">
    <p class='ocr_par' dir='ltr' id='par_1_7' title="bbox 165 3668 1303 3766">
     <span class='ocr_line' id='line_1_24' title="bbox 165 3668 1303 3766; baseline 0.001 -23"><span class='ocrx_word' id='word_1_163' title='bbox 165 3694 319 3766; x_wconf 87' lang='lat' dir='ltr'>rumque</span> <span class='ocrx_word' id='word_1_164' title='bbox 337 3670 431 3742; x_wconf 90' lang='lat' dir='ltr'>enim</span> <span class='ocrx_word' id='word_1_165' title='bbox 452 3668 642 3739; x_wconf 76' lang='lat' dir='ltr'>manifesta</span> <span class='ocrx_word' id='word_1_166' title='bbox 661 3668 792 3763; x_wconf 65' lang='lat' dir='ltr'>erant),</span> <span class='ocrx_word' id='word_1_167' title='bbox 812 3677 849 3739; x_wconf 90' lang='lat' dir='ltr'>at</span> <span class='ocrx_word' id='word_1_168' title='bbox 875 3669 1088 3763; x_wconf 66' lang='lat' dir='ltr'>legentibus</span> <span class='ocrx_word' id='word_1_169' title='bbox 1118 3679 1161 3744; x_wconf 88' lang='lat' dir='ltr'>ut</span> <span class='ocrx_word' id='word_1_170' title='bbox 1181 3671 1234 3744; x_wconf 86' lang='lat' dir='ltr'>ita</span> <span class='ocrx_word' id='word_1_171' title='bbox 1252 3672 1303 3744; x_wconf 92' lang='lat' dir='ltr'>di·</span> 
     </span>
    </p>
   </div>
   <div class='ocr_carea' id='block_1_6' title="bbox 101 3958 1304 4346">
    <p class='ocr_par' dir='ltr' id='par_1_8' title="bbox 101 3958 1135 4042">
     <span class='ocr_line' id='line_1_25' title="bbox 101 3958 1135 4042; baseline -0.002 -15"><span class='ocrx_word' id='word_1_172' title='bbox 101 3958 105 3967; x_wconf 76' lang='grc'>’</span> <span class='ocrx_word' id='word_1_173' title='bbox 210 3968 314 4028; x_wconf 83' lang='lat' dir='ltr'>¹Ann.</span> <span class='ocrx_word' id='word_1_174' title='bbox 331 3966 352 4042; x_wconf 88' lang='lat'>1,</span> <span class='ocrx_word' id='word_1_175' title='bbox 367 3961 417 4026; x_wconf 85' lang='lat'>80.</span> <span class='ocrx_word' id='word_1_176' title='bbox 800 3962 1135 4026; x_wconf 77' lang='lat' dir='ltr'>³S1&#39;1ct.l&#39;ib.XXXll.</span> 
     </span>
    </p>

    <p class='ocr_par' dir='ltr' id='par_1_9' title="bbox 163 4066 1304 4346">
     <span class='ocr_line' id='line_1_26' title="bbox 199 4066 1302 4150; baseline 0.003 -20"><span class='ocrx_word' id='word_1_177' title='bbox 199 4068 221 4102; x_wconf 78' lang='lat'>‘²</span> <span class='ocrx_word' id='word_1_178' title='bbox 237 4066 399 4130; x_wconf 78' lang='lat' dir='ltr'>l&#39;estcment</span> <span class='ocrx_word' id='word_1_179' title='bbox 410 4068 552 4150; x_wconf 77' lang='lat' dir='ltr'>potitique</span> <span class='ocrx_word' id='word_1_180' title='bbox 563 4068 598 4130; x_wconf 84' lang='lat' dir='ltr'>de</span> <span class='ocrx_word' id='word_1_181' title='bbox 611 4067 710 4129; x_wconf 78' lang='lat' dir='ltr'>ln&#39;cte-</span> <span class='ocrx_word' id='word_1_182' title='bbox 801 4066 812 4099; x_wconf 75' lang='lat'>⁴</span> <span class='ocrx_word' id='word_1_183' title='bbox 828 4069 987 4149; x_wconf 82' lang='lat' dir='ltr'>losephus,</span> <span class='ocrx_word' id='word_1_184' title='bbox 1009 4067 1217 4150; x_wconf 58' lang='grc'>11111114-</span> <span class='ocrx_word' id='word_1_185' title='bbox 1233 4070 1302 4134; x_wconf 88' lang='lat' dir='ltr'>vid.</span> 
     </span>
     <span class='ocr_line' id='line_1_27' title="bbox 163 4159 1304 4258; baseline 0.003 -18"><span class='ocrx_word' id='word_1_186' title='bbox 163 4179 238 4253; x_wconf 81' lang='lat' dir='ltr'>lieu,</span> <span class='ocrx_word' id='word_1_187' title='bbox 264 4177 350 4256; x_wconf 89' lang='lat' dir='ltr'>chap.</span> <span class='ocrx_word' id='word_1_188' title='bbox 373 4174 423 4251; x_wconf 85' lang='lat' dir='ltr'>lV,</span> <span class='ocrx_word' id='word_1_189' title='bbox 450 4159 522 4236; x_wconf 82' lang='lat' dir='ltr'>sect.</span> <span class='ocrx_word' id='word_1_190' title='bbox 550 4173 651 4254; x_wconf 72' lang='lat' dir='ltr'>d;eh.</span> <span class='ocrx_word' id='word_1_191' title='bbox 673 4175 709 4250; x_wconf 83' lang='lat' dir='ltr'>V,</span> <span class='ocrx_word' id='word_1_192' title='bbox 760 4176 849 4237; x_wconf 83' lang='lat' dir='ltr'>etiam</span> <span class='ocrx_word' id='word_1_193' title='bbox 858 4177 985 4238; x_wconf 90' lang='lat' dir='ltr'>Dionem</span> <span class='ocrx_word' id='word_1_194' title='bbox 996 4176 1240 4258; x_wconf 80' lang='lat' dir='ltr'>Cassium,LVll,</span> <span class='ocrx_word' id='word_1_195' title='bbox 1256 4202 1304 4245; x_wconf 84' lang='lat' dir='ltr'>ro.</span> 
     </span>
     <span class='ocr_line' id='line_1_28' title="bbox 164 4287 347 4346; baseline -0.038 0"><span class='ocrx_word' id='word_1_196' title='bbox 164 4287 241 4346; x_wconf 84' lang='lat' dir='ltr'>sect.</span> <span class='ocrx_word' id='word_1_197' title='bbox 259 4298 307 4342; x_wconf 54' lang='lat'>2:</span> <span class='ocrx_word' id='word_1_198' title='bbox 342 4300 347 4319; x_wconf 92' lang='lat'>··</span> 
     </span>
    </p>
   </div>
   <div class='ocr_carea' id='block_1_7' title="bbox 0 0 1468 4934">
    <p class='ocr_par' dir='ltr' id='par_1_10' title="bbox 0 0 1468 4934">
     <span class='ocr_line' id='line_1_29' title="bbox 0 0 1468 4934; baseline 0 1"><span class='ocrx_word' id='word_1_199' title='bbox 0 0 1468 4934; x_wconf 95' lang='lat' dir='ltr'> </span> 
     </span>
    </p>
   </div>
  </div>
 </body>
</html>
