2926 4934
518 645 860 729 CONCLUSIO.

172 1177 291 1270 Igitur
309 1178 488 1250 Romanos
503 1188 539 1250 et
556 1179 732 1250 infelicem
751 1180 906 1271 Augusti
924 1162 1095 1250 haeredem
1112 1180 1186 1274 egit
1198 1203 1260 1275 per

120 1325 236 1397 caedes
267 1325 539 1421 opprobrioque,
569 1351 638 1398 non
670 1326 798 1397 insana
826 1325 988 1421 ‹prraedam
1017 1324 1258 1421 proditionum

119 1497 163 1544 ac
193 1472 332 1544 servitii
358 1473 481 1564 libide,
512 1497 576 1546 nec
602 1472 732 1569 perfide
759 1474 991 1568 compositum
1017 1474 1260 1566 tenaciterque

115 1630 314 1694 servatum
334 1623 580 1717 perversitatis
608 1633 644 1694 et
672 1623 829 1694 infamia
853 1621 1059 1710 consilium3
1083 1621 1142 1692 sed
1163 1621 1256 1710 ilina,

117 1793 261 1840 morum
286 1770 490 1865 petulantia
515 1770 784 1863 studiorumque
805 1769 968 1840 civilium
994 1768 1123 1856 rabies,
1153 1767 1258 1837 mise-
1285 1786 1287 1790 “

114 1917 194 1987 rior
213 1915 321 1986 etiam
346 1939 452 2010 quam
472 1913 630 2008 turpior;
653 1915 748 1986 hunc
772 1939 869 2005 vero,
891 1916 1082 1987 coirtinuus
1097 1923 1210 1986 terror
1224 1924 1259 1984 et

116 2062 388 2156 omnipotentiae
418 2061 581 2133 omnibus
608 2063 775 2157 periculis
802 2062 969 2156 subjecta
995 2063 1259 2134 irritamentum

113 2220 154 2281 et
176 2210 403 2282 conscientia.

170 2358 272 2445 Quod
292 2383 401 2453 quum
421 2381 484 2452 per
500 2359 707 2430 testimonia
731 2383 808 2454 quae
832 2361 890 2431 vel
914 2360 1051 2432 caeteris
1073 2383 1091 2430 e
1110 2357 1257 2452 scripto-

115 2505 232 2594 ribus,
245 2504 312 2575 uel
328 2528 368 2576 ac
381 2504 576 2598 praesertim
595 2527 639 2576 ex
658 2504 734 2598 ipso
750 2505 873 2578 Tacito
892 2513 1058 2600 excerpta
1073 2504 1253 2598 proposui,

114 2649 355 2743 explanatum
393 2675 465 2723 esse
498 2651 684 2740 confidam,
720 2675 815 2724 nunc
847 2661 959 2724 totam
991 2653 1092 2725 illam
1126 2652 1256 2724 thesim

115 2795 240 2866 verbis
259 2820 367 2890 quam
387 2797 609 2892 paucissimis
629 2799 809 2870 includam
820 2823 830 2889 ;
859 2809 970 2896 utque
989 2799 1133 2872 Tacitus
1157 2824 1258 2873 suam

117 2944 164 3016 de
192 2944 325 3016 Tiberii
350 2944 471 3016 indole
495 2946 697 3041 opinionem
729 2948 786 3018 his
811 2956 986 3044 postremo
1005 2950 1125 3022 verbis
1144 2955 1258 3020 totam

117 3090 313 3185 expressit*
340 3114 348 3162 :
380 3119 397 3160 «
415 3093 457 3164 in
496 3092 628 3164 scelera
657 3093 763 3164 simul
803 3117 843 3164 ac
869 3093 1041 3168 dedecora
1072 3095 1248 3189 prorupit,

122 3266 140 3308 a
164 3247 367 3336 postquam,
397 3247 530 3311 remoto
559 3240 693 3334 pudore
715 3265 755 3312 ac
774 3249 886 3332 metu,
909 3265 972 3314 suo
991 3249 1134 3314 tantum
1154 3242 1255 3336 inge-

122 3389 223 3459 «nio
247 3388 416 3460 utebatur
440 3415 473 3480 a,
504 3406 567 3461 nos
590 3413 632 3460 ea
657 3389 868 3462 contendere
896 3391 1075 3462 sententia
1101 3390 1248 3462 audebi-

118 3559 224 3607 mus:
244 3603 247 3609 ,
269 3563 285 3604 a
307 3537 348 3608 in
381 3536 513 3608 scelera
542 3537 646 3608 simul
677 3561 717 3607 ac
749 3536 920 3609 dedecora
961 3539 1151 3612 devolutus
1182 3548 1247 3629 cst,

122 3692 363 3778 «postquam,
396 3683 564 3755 continuo
595 3706 659 3754 nec
684 3684 835 3754 absurdo
863 3694 960 3756 metu
989 3686 1250 3780 pessumdatus
1335 3712 1337 3717 ’

123 3858 139 3897 n
164 3830 274 3900 multo
294 3831 411 3902 minus
427 3854 489 3902 suo
504 3854 612 3925 quam
626 3830 854 3926 Principatus
872 3833 1015 3925 ingenio
1029 3836 1211 3907 utebatur.
1231 3862 1248 3903 n

174 3976 252 4062 Qua
278 3987 407 4050 cuncta
427 3976 626 4049 resolvendi
654 3981 804 4069 ratione,
832 3992 908 4052 tum
931 3991 1069 4052 natura
1086 3985 1253 4054 humanm

162 4254 170 4285 ¹
187 4255 261 4314 nnn.
278 4250 327 4327 vl,
344 4251 392 4313 51.
