2926 4934
67 290 72 299 ·
182 249 185 253 ’
248 289 290 334 10
543 286 590 336 na
616 285 741 338 rncrro
773 284 877 338 omen
903 284 1077 336 arenarum

243 411 520 519 dominationem
551 421 741 507 crepserat,
778 404 1076 484 absolutissimum
1102 381 1202 483 illius
1238 411 1374 505 peritiae

243 559 384 654 populis
398 581 534 652 semper
556 560 722 632 cavendae
736 560 918 655 exemplar
945 560 1129 655 apparuit:
1152 557 1253 651 cujus
1272 582 1374 653 porro

243 704 442 778 reconditos
466 727 589 777 sensus
614 729 831 800 expromere,
853 706 1040 801 perplexas
1061 713 1154 776 artes
1180 704 1372 798 explicare,

226 853 406 925 ¹clausum
442 852 600 925 animum
629 852 886 946 quodammodo
918 876 1164 948 perrumpere,
1195 853 1376 923 illustrare

245 1023 383 1071 summa
406 1023 471 1106 ope
489 999 656 1072 connisus
677 1007 752 1090 est,
775 970 920 1096 sperans
950 1000 1025 1072 fore
1043 1008 1086 1071 ut
1104 999 1244 1070 nullum
1275 998 1376 1069 dein·

245 1170 326 1242 ceps
353 1147 540 1243 tyrannidi
579 1154 776 1241 superesset
798 1147 867 1220 iter
893 1170 965 1242 qua
997 1147 1262 1241 inexploratum
1288 1146 1376 1217 insi-

249 1317 366 1399 nuans
384 1301 540 1388 posteros
554 1295 708 1367 falleret.

293 1441 395 1513 Piam
414 1443 577 1537 equidem
604 1443 706 1516 illam
725 1445 844 1539 patrii
863 1446 906 1516 de
925 1446 1091 1516 libertate
1116 1446 1378 1538 providentiam

246 1589 333 1661 satis
351 1591 515 1684 probare,
537 1592 623 1663 satis
642 1593 807 1665 venerari
827 1616 961 1688 nequeo
981 1617 988 1664 :
1019 1615 1128 1686 quum
1148 1593 1243 1664 enim
1263 1602 1380 1686 posset

246 1732 400 1830 optimus
425 1735 489 1808 ille
512 1737 614 1829 civis,
636 1739 791 1833 peractis
804 1738 882 1832 jam
907 1739 1174 1834 quatuordecim
1207 1739 1380 1813 Harace-

244 1905 323 1955 rum
352 1883 467 1974 libris,
506 1884 634 1978 Nervae
663 1885 904 1980 principatum
936 1885 1153 1980 Trajauique
1191 1886 1380 1982 imperium

245 2029 404 2124 exsequi,
445 2054 465 2097 «
485 2029 685 2123 uberiorem
700 2030 982 2125 securioremque
1000 2033 1212 2104 materiam¹
1237 2057 1280 2124 a,
1293 2043 1381 2107 tunc

244 2183 280 2249 et
299 2201 321 2248 a
339 2177 452 2271 poetis
470 2161 791 2267 analatrasum&
812 2185 954 2249 moestas
973 2178 1080 2251 Urbis
1099 2204 1153 2252 res
1172 2181 1379 2276 tristemque

244 2329 280 2395 et
297 2322 337 2394 in
358 2329 507 2416 angusto
530 2322 689 2396 laborem
706 2324 882 2418 ¹praet-ulit,
913 2325 1078 2418 prodesse
1100 2327 1214 2421 magis
1233 2328 1380 2422 cupiens

244 2495 352 2566 quam
380 2470 584 2544 delectari5.
620 2472 716 2544 Hinc
738 2482 858 2545 tamen
883 2473 1082 2568 periculum
1107 2475 1301 2567 oriebatur,
1336 2501 1380 2549 ne

149 2716 151 2720 μ
248 2617 498 2691 scilieetdolos
516 2620 812 2714 quamplurimos
833 2622 928 2716 apud
947 2645 1051 2694 suum
1070 2631 1265 2720 tyrannum
1280 2625 1379 2718 cupi·

139 2778 141 2784 ·
252 2764 329 2835 dus·
344 2764 532 2859 detegendi
551 2766 784 2860 notandique‚
814 2767 920 2840 nimis
939 2769 1055 2841 multa
1074 2769 1326 2864 certoperfidiae
1345 2778 1382 2842 et

251 2909 486 2982 immanitatis
505 2911 651 3011 consilio
672 2912 899 2984 adscriberet.

298 3056 415 3151 igitur
434 3057 590 3149 Tacitus,
619 3061 662 3132 ob
682 3059 766 3132 vitae
790 3069 941 3156 tempus,
970 3064 1210 3158 ob'pueritiae,
1245 3067 1381 3139 adoles-

251 3204 375 3294 centiae
391 3228 432 3276 ac
445 3203 606 3297 juventae
626 3197 732 3298 vices,
755 3209 799 3279 ob
818 3208 1001 3296 instituta,
1023 3211 1066 3280 ob
1087 3234 1212 3302 morea
1230 3212 1383 3309 denique

251 3355 295 3425 ob
314 3354 427 3449 ipsam
448 3356 643 3427 asserenda
660 3356 699 3428 in
718 3365 897 3451 posterum
916 3358 1094 3433 libertatis
1113 3385 1246 3451 curam,
1270 3364 1384 3436 veluti

250 3526 404 3598 praeceps
422 3503 461 3575 in
482 3501 659 3576 Caesarum
684 3527 725 3575 ac
747 3503 970 3597 potissimum
995 3506 1128 3578 Tiberii
1154 3510 1384 3582 obtrectatio-

252 3673 332 3722 nem
353 3651 551 3746 agebatur3
582 3673 686 3744 porro
714 3648 811 3721 hunc
830 3649 1001 3744 impetum
1028 3651 1113 3724 licet
1133 3653 1178 3724 ad
1205 3656 1384 3750 aequitatis

252 3822 411 3871 normam
432 3797 592 3893 redigere
610 3797 658 3871 sit
682 3804 845 3888 conatae,
874 3822 942 3871 non
971 3798 1057 3873 satis
1079 3803 1285 3895 repressisse
1307 3802 1384 3896 jam

252 3948 565 4021 demonstrabitur.

296 4201 301 4230 ¹
320 4199 394 4261 Hist.
412 4201 432 4274 1,
454 4224 478 4260 1.
890 4204 993 4264 ὅ111111.
1010 4205 1059 4281 Ν,
1076 4207 1124 4287 33,
1202 4283 1206 4289 ι
1318 4284 1321 4289 ¹

292 4303 304 4336 ²
318 4303 407 4366 Plinii
418 4304 443 4386 j.
459 4302 513 4387 Ep.
530 4304 609 4382 Vlll,
624 4304 653 4384 lp.
827 4304 830 4309 ’
988 4296 991 4301 ’
