2926 4934
167 341 169 344 y
582 264 686 317 cinca
711 264 884 321 urnaarnn
1251 246 1299 343 93

175 385 229 459 161
247 396 410 485 exempto
434 389 498 463 illo
524 391 728 488 tyrannidis
756 416 797 465 ac
821 394 1013 489 pravitatis
1033 394 1193 486 oonsilio,
1214 394 1301 475 satis

167 526 243 625 jam
268 534 462 615 sceleribus
488 560 530 608 ac
553 538 752 634 opprobriis
775 538 907 613 referta
926 546 992 632 est,
1014 546 1057 613 ut
1074 563 1187 611 novas
1213 539 1300 613 illuc

170 682 289 757 sordes
299 706 509 757 coacervare
521 685 685 776 historia,
700 710 772 758 suae
787 687 912 759 saltem
926 687 1113 782 dignitatis
1124 658 1297 783 respectu,

81 857 85 879 ·
170 827 390 903 vereatur¹l

217 975 407 1069 Caeterum,
435 982 628 1073 utcumque
652 999 688 1049 se
711 999 754 1049 ea
778 1000 835 1050 res
861 977 1001 1070 habuit,
1018 986 1118 1075 patet
1144 978 1231 1075 ipsis
1257 1002 1301 1051 ex

170 1121 365 1209 Annalibus
385 1123 581 1217 Tiberium,
601 1147 664 1219 par
686 1123 769 1196 illos
788 1123 935 1198 infamis
961 1127 1153 1199 senectutis
1173 1149 1298 1217 annos,

169 1272 315 1346 minime
331 1272 598 1368 tranquillitate
615 1273 726 1346 animi
739 1296 857 1364 usum,
879 1297 987 1371 quam
1002 1273 1207 1347 retinuisset
1225 1299 1301 1371 pro

168 1421 272 1512 fecta,
291 1421 321 1492 si
340 1420 587 1492 tantummodo
605 1428 742 1492 naturae
759 1420 922 1492 funditus
937 1427 1109 1516 peruersa
1128 1422 1302 1516 obtempe-

108 1563 110 1569 ’
167 1574 281 1639 rasset
302 1590 408 1662 seque
434 1566 509 1662 ipse
533 1565 692 1639 consulto
712 1566 936 1662 inquinasset
958 1590 966 1638 :
986 1575 1023 1638 at
1036 1568 1156 1657 miser,
1178 1591 1300 1663 quem-

164 1716 360 1797 admodum
393 1738 429 1786 se
459 1714 680 1809 pessumdari
705 1679 967 1809 praemetuerat,
1005 1714 1057 1785 ita
1081 1737 1300 1810 se,pessum-

167 1865 293 1963 ¹datum
313 1861 498 1934 exhorruit
516 1884 581 1933 nec
599 1860 691 1957 ferre
707 1861 838 1956 potuit.

216 2010 330 2083 Testis
349 2016 402 2081 est
427 2008 579 2103 insignis
600 2008 667 2080 illa
693 2008 826 2081 exsulis
846 2007 1023 2104 Capreani
1055 2008 1101 2080 ad
1130 2008 1301 2082 Senatum

159 2158 340 2256 epistola,
374 2181 482 2253 quam
511 2155 655 2229 Tacitus
693 2155 953 2252 Suetoniusque
987 2158 1090 2228 ambo
1127 2179 1301 2229 memora-

169 2303 306 2379 vere2:
340 2305 416 2395 illa,
447 2304 533 2376 dum
558 2303 720 2376 Tiberius
751 2304 826 2399 ipse
852 2303 1087 2399 dilaceratum
1116 2305 1302 2377 tormentis

168 2481 273 2529 suum
301 2461 425 2551 pectus
450 2452 616 2543 recludit,
645 2452 800 2548 dumque
819 2474 955 2547 poenaS,
978 2476 1068 2546 quas
1085 2452 1221 2525 dudum
1245 2453 1301 2525 in-

167 2603 259 2674 tima
281 2602 318 2672 in
342 2597 559 2671 conscientia
581 2597 754 2688 solvebat,
778 2597 961 2688 inlunem,
984 2604 1158 2692 tanquam
1178 2597 1301 2671 divino

167 2749 323 2849 quodam
344 2748 518 2820 instinctu
535 2751 690 2835 coactae,
713 2743 861 2839 profert,
880 2751 1121 2839 portentosam
1139 2745 1241 2818 illam
1262 2770 1302 2818 ac

167 2896 411 2972 voluntariam
444 2892 729 2986 immanitatem,
766 2917 874 2990 quarn
905 2895 1059 2968 Autololes
1094 2895 1298 2990 depinxere,

165 3042 345 3120 mendacii
364 3038 537 3139 coarguit.
951 3136 955 3143 Α

216 3192 323 3266 Nullo
347 3213 490 3287 prorsus
518 3189 808 3287 philosophorum
834 3188 969 3279 libello,
997 3189 1216 3262 luculentius
1248 3199 1301 3261 est

165 3364 326 3436 unquam
350 3338 616 3434 comprobatum
642 3335 769 3424 inesse,
792 3335 850 3407 vel
867 3335 1016 3430 pessimo
1039 3334 1180 3430 cuique,
1200 3358 1299 3407 men-

163 3502 237 3565 tem
262 3489 348 3561 boni
374 3486 531 3581 malique
549 3483 811 3579 intelligentem
836 3507 914 3580 quae
936 3507 1049 3579 usque
1075 3466 1296 3579 permaneat,

164 3639 279 3711 inesse
298 3659 418 3709 vocem
433 3634 625 3730 quamdam
640 3632 805 3705 ultricem
823 3656 931 3726 quam
949 3656 1051 3705 nemo
1071 3636 1294 3729 oppresserit,

165 3808 267 3856 nemo
288 3783 430 3857 omnino
450 3781 660 3874 corruperit.
682 3780 734 3853 Ea
758 3778 913 3875 profecto
935 3803 1019 3851 voce
1038 3779 1214 3853 excitatns
1238 3780 1298 3852 Ti-

207 4057 214 4088 '¹
233 4051 377 4132 Voltaire,
393 4052 563 4116 Notesurle
578 4051 630 4113 Μ’
640 4050 707 4112 1111-
798 4051 900 4112 ²Ann.
927 4046 978 4125 Vl,
1005 4049 1034 4109 6.
1058 4082 1096 4093 --
1118 4048 1201 4110 Suet.
1229 4047 1255 4109 T
1254 4002 1299 4110 11.Ι

162 4166 242 4249 pitre
268 4163 308 4225 du
333 4177 382 4226 111ε
410 4160 497 4223 Liore
516 4160 552 4221 dc
572 4150 705 4241 I’Esprit
756 4146 873 4218 nxvn.
1202 4168 1205 4173 ’
1240 4150 1243 4154 ’

162 4273 211 4334 cles
227 4271 306 4332 Lnr's.
