2926 4934
163 288 207 374 it
633 313 678 361 un
703 312 829 362 rucrro

162 436 367 526 Antiochia,
400 444 647 509 conterremur
659 461 669 525 3
703 432 804 508 brevi
832 437 1038 531 languentis
1066 447 1102 510 et
1130 439 1303 513 veneficia

162 585 362 656 incusantis
391 583 594 656 Germanici
628 591 791 678 questuS,
834 607 999 678 suprema
1037 586 1133 680 apud
1173 585 1304 669 amicos

162 733 347 806 morientis
366 734 530 845 dextram
546 733 792 828 contingentes
809 735 994 824 mandata,
1016 738 1126 808 verba
1148 736 1303 832 denique

163 885 297 950 metum
325 903 344 976 e
368 886 497 973 patruo
529 879 718 972 prodentia
747 881 968 976 excipimus3
996 884 1112 955 Roma
1138 882 1222 954 inde
1254 882 1304 953 la

163 1027 399 1099 mentationes
418 1027 566 1097 iteratas
582 1035 818 1123 congestaque
837 1029 875 1100 in
893 1029 1100 1122 Principem
1110 1037 1145 1100 et
1165 1029 1305 1122 Augus

163 1183 238 1246 tarn
257 1174 408 1246 crimina
429 1173 594 1244 audimus
616 1197 624 1243 ε
654 1182 790 1263 contra,
817 1175 992 1264 Tiberius,
1015 1175 1189 1269 gaudium
1208 1175 1304 1247 male

162 1332 299 1417 tegenS,
322 1323 531 1417 popularem
550 1322 687 1392 luctum
708 1324 907 1418 increpans
929 1323 995 1395 filii
1021 1321 1216 1393 ulciscendi
1236 1321 1304 1393 mi-

164 1469 259 1540 nime
272 1491 443 1562 properus
457 1468 593 1561 talique
608 1467 651 1538 de
666 1468 795 1540 scelere
813 1469 1054 1562 cognitionem
1065 1467 1244 1539 rhetorica
1259 1467 1304 1538 ad

163 1616 383 1689 causidicum
416 1615 581 1688 Trionem
614 1615 819 1688 monitione.
835 1616 1060 1706 concludens,
1087 1615 1301 1687 ostenditur.

163 1766 419 1860 Proponuntur
444 1764 565 1848 etiarn,
599 1764 643 1835 ad
669 1764 888 1857 arguendam
918 1762 1095 1856 Principis
1122 1762 1304 1833 conscien-

163 1913 266 2003 tiam,
286 1911 425 1984 Pisonis
450 1911 595 2001 fiducia,
626 1936 709 1983 mox
731 1919 858 2001 terror,
887 1919 994 2005 prout
1020 1909 1212 1983 Dominum
1241 1918 1306 1981 aut

163 2061 345 2132 faventem
373 2067 504 2154 sperat,
532 2067 595 2130 aut
624 2060 794 2131 adversus
822 2083 941 2131 omnes
968 2059 1113 2131 affectus
1141 2059 1304 2132 clausum

164 2207 323 2302 reperit:
346 2206 511 2300 denique,
537 2229 606 2300 quo
627 2229 720 2276 mors
740 2213 776 2277 et
797 2205 909 2300 ipsius
937 2206 1082 2277 venefici
1109 2208 1305 2300 suspectior

164 2353 326 2442 exsistat,
360 2333 542 2424 inducitur
568 2360 757 2446 postremo,
780 2352 1012 2444 gravissimus
1030 2354 1068 2424 in
1097 2351 1300 2424 Germanici

164 2512 335 2599 patruum
354 2500 467 2590 testie,
490 2499 635 2572 libellus
652 2523 758 2593 quem
776 2499 915 2570 Pisonis
937 2499 1115 2588 manibus
1147 2499 1303 2602 immisso

162 2672 379 2747 percussore,
407 2613 594 2742 abreptum
621 2646 765 2718 Tacitus
787 2671 806 2717 e
826 2648 1025 2718 senioribus
1045 2647 1210 2736 audivit;
1243 2647 1304 2717 de-

163 2785 395 2894 pingiturque
417 2797 490 2889 ipsc
511 2794 629 2866 Caesar
648 2795 716 2866 hac
739 2819 961 2888 ncce,qua1n
982 2795 1224 2866 voluntariam
1246 2761 1306 2866 vo-

164 2946 234 3034 cat,
265 2969 301 3016 se
332 2951 496 3015 nroestum
528 2942 702 3013 simulans
733 2950 768 3013 et
798 2942 930 3013 crebris
962 2944 1304 3036 interrogationibus

163 3095 354 3189 exquirens
373 3091 517 3186 qualem
536 3092 616 3163 Piso
632 3100 770 3163 noctem
784 3116 984 3186 supremam
1003 3093 1172 3186 exegerit.
1190 3094 1304 3180 Quem

164 3266 247 3314 vero
278 3241 322 3312 ad
353 3240 459 3312 finem
483 3238 792 3334 eloquentissimus
825 3247 990 3309 narrator
1021 3239 1301 3330 miserationem,

164 3391 393 3485 suspiciones
416 3389 584 3476 dolorem,
608 3387 728 3459 odium
756 3389 793 3458 in
814 3387 943 3459 nostris
964 3388 1092 3458 animis
1112 3374 1303 3461 continua-

163 3541 229 3628 vit,
262 3538 331 3609 nisi
351 3561 421 3632 quo
447 3536 619 3608 libentius
643 3535 829 3606 credamus
854 3535 891 3604 id
920 3535 1014 3627 quod
1036 3534 1211 3607 affirmare
1231 3559 1303 3607 non

165 3687 309 3773 audeat,
344 3683 404 3754 sed
430 3680 527 3753 credi
553 3681 665 3774 cupit,
698 3704 823 3774 nempe
850 3680 1028 3750 aTiberio
1050 3705 1111 3773 per
1139 3681 1303 3753 Pisonem

164 3835 399 3926 interceptum
418 3852 491 3899 esse
510 3827 775 3917 Germanicum,
803 3851 1098 3921 suppressumque
1122 3852 1183 3920 per
1200 3830 1303 3900 dolos

162 3980 290 4075 prioris
310 3977 451 4048 sceleris
472 3974 673 4066 adjutorem
694 3999 734 4044 ac
754 3975 878 4044 testem
888 3976 905 4043 ἱ)

213 4281 282 4352 Hic
318 4280 506 4352 veritatem
540 4279 641 4351 nobis
673 4279 820 4374 propius
850 4279 1092 4371 irulagandarn
1125 4288 1216 4368 reor,
1256 4302 1301 4352 ne

1048 4588 1057 4621 Ι
