2926 4934
247 270 296 357 48
652 320 660 328 ·
710 291 757 342 on
781 291 924 343 rncrro.

210 401 214 408 ⁵
236 415 442 501 fhistaricift-
452 397 953 514 Possuntscilioetprcbandae
964 419 1019 489 res
1031 425 1094 502 aut
1103 414 1402 510 malignaiaude
1434 486 1441 499 ,

239 563 654 651 2vixrem1merari,÷aut
678 561 812 658 perfida
831 561 988 658 subinde
997 561 1296 655 interpretatione
1308 559 1384 633 -de-

247 710 441 800 trahi,-aut
453 707 616 806 =peiorum
632 708 819 781 vicinitate
834 707 937 803 quasi
955 709 1214 781 contaminari:
1236 716 1386 802 possunt

217 866 287 930 ,ec
307 855 712 952 quadampraetermitti
730 856 903 929 leviterve
926 855 1149 952 praestringat
1165 855 1297 949 quibus
1313 877 1385 949 ‘ps-

98 1032 105 1039 ·
236 1005 348 1077 :nitus
372 1003 524 1098 cognitis
548 1013 584 1076 ct
607 1003 645 1076 in
674 1002 790 1077 lucem
817 1002 972 1096 ingenue
994 1002 1156 1096 prolatis,
1187 1001 1388 1077 multa‘aut

191 1178 197 1193 ·
249 1130 420 1223 excusata
456 1158 537 1227 aut,
554 1152 764 1224 clementius
796 1152 968 1224 damnata
1003 1151 1120 1223 forent
1150 1173 1157 1221 :
1192 1158 1231 1222 at
1259 1129 1396 1223 rursus

248 1319 482 1393 quaecumque
513 1303 767 1392 contemptum,
800 1296 938 1386 odium,
974 1295 1190 1392 suspiciones
1233 1295 1387 1370 conflare

252 1446 401 1535 valent,
422 1451 583 1539 possunt,
606 1451 759 1519 aut-non
780 1443 1179 1538 affirmata-legentium
1188 1445 1231 1515 in
1249 1453 1388 1543 mentes

252 1600 375 1667 tamon
402 1589 518 1704 injici,
548 1597 612 1665 aut
638 1596 821 1679 enarrata,
843 1590 961 1663 multa
988 1590 1133 1663 accendi
1159 1590 1387 1685 vehementia

237 1741 422 1837 largoque
445 1738 581 1832 ingenii
599 1737 786 1833 splendore
805 1737 995 1811 illustrari.
1119 1815 1121 1819 ,

299 1903 369 1973 Idas
387 1908 506 1972 autem
527 1908 624 1975 artes
639 1903 689 1972 sic
703 1926 724 1972 a
738 1899 983 1977 Tacitofuisse
1003 1898 1194 1990 adhibitos,
1216 1907 1258 1970 ut
1271 1899 1384 1993 ipsius

251 2049 396 2122 solertia
414 2048 526 2131 multo
545 2049 659 2181 magip
677 2071 785 2143 qnam
804 2047 953 2143 aequitas
972 2071 1035 2142 per
1053 2053 1166 2118 totam
1181 2047 1282 2129 iliam
1294 2050 1385 2127 'narss

250 2196 426 2269 rationem
445 2196 592 2285 eniteat,
614 2218 730 2290 pauca
757 2192 834 2287 jam
853 2195 1019 2290 exempla
1037 2194 1301 2271 declarabunt>
1322 2272 1331 2281 ,
1351 2212 1355 2219 ·

244 2536 250 2574 ι
302 2494 467 2591 Smperes
485 2495 675 2568 manifesta
693 2495 872 2586 fortuitos,
894 2495 1100 2590 ipsi'agsnti
1121 2496 1296 2592 inopinae,
1318 2507 1385 2571 aut

240 2653 345 2725 certe
363 2645 535 2719 levissimi
554 2646 736 2734 momenti,
759 2646 918 2717 subdolis
936 2654 972 2717 et
990 2645 1129 2728 arcanis
1145 2647 1280 2720 Tiberii
1299 2672 1383 2720 con-

242 2793 344 2873 siliis.
360 2793 513 2872 Annales
536 2793 748 2869 adscribere.
762 2793 888 2865 solent.
909 2793 1020 2864 Abest
1034 2792 1206 2886 rrinceps
1222 2797 1384 2888 sangui·

134 2944 137 2948 ’
239 2941 439 3013 nais-ludis
459 2964 480 3010 a
497 2941 617 3015 Druso
632 2939 704 3011 filio
718 2939 824 3013 editis
834 2962 844 3028 ;
867 2962 939 3034 qua
960 2940 1121 3011 absentia
1138 2941 1384 3036 quid‘simpii-

246 3091 339 3177 cius,
367 3088 459 3183 =quid
479 3088 665 3182 vulgarius
674 3089 701 3159 .?·
721 3089 770 3160 At
797 3096 914 3160 noster
937 3109 945 3159 ι
967 3114 984 3157 a
1006 3089 1086 3160 Non
1109 3088 1319 3163 crediderim
1340 3090 1386 3163 ad

255 3261 272 3307 o
294 3235 543 3315 ostentandam
558 3232 732 3305 saevitiam
747 3234 1008 3329 movendasque
1019 3235 1144 3330 populi
1160 3236 1383 3327 offensiones,

244 3409 272 3450 ¹¹n
294 3397 492 3454 concessam
509 3380 583 3452 filio
602 3379 787 3451 materiem
797 3404 808 3470 3
833 3404 1031 3478 quanquam
1057 3381 1095 3461 id
1109 3406 1242 3480 presque
1256 3383 1385 3473 ductam

251 3557 271 3612 a
293 3529 378 3603 ew.
404 3557 421 3598 n
444 3528 502 3601 Sic
519 3528 613 3621 quod
631 3551 652 3598 a
671 3551 707 3599 se
726 3527 821 3599 credi
851 3535 972 3619 necat,
998 3528 1065 3599 tibi
1084 3537 1203 3602 tamen
1225 3531 1381 3624 subjicit.

253 3679 363 3759 Abest
375 3676 567 3751 ,funeribus
587 3673 927 3753 Germaniciano·
939 3696 963 3760 ;;
980 3695 1087 3766 quam
1116 3675 1204 3744 anili
1231 3675 1330 3746 luctu
1349 3686 1386 3747 et

254 3824 706 3921 valetudinepraspeditam
726 3822 1023 3899 crederolicetin
1041 3831 1211 3916 ¹promptu
1235 3825 1292 3912 sit,
1321 3822 1385 3897 Tn-

252 3976 355 4061 citus,
378 3972 557 4065 exquisita
574 3970 768 4060 sagacitate
795 3977 911 4057 utens,
942 3971 1134 4040 coiribitarn
1155 3969 1336 4040 contendit
1364 3996 1383 4041 a

1169 4188 1175 4197 ,
1252 4192 1289 4229 :11
1324 4170 1331 4201 r

292 4255 301 4290 ¹
319 4255 376 4316 nio
393 4251 527 4326 Cassius,
545 4252 566 4326 1,
582 4251 631 4330 76.
661 4302 663 4307 .
683 4310 686 4317 ,
721 4298 724 4306 .
745 4278 780 4328 ’,ᾗ
