2926 4934
576 324 679 376 cisoa
706 325 880 375 TIBERIUM
1254 333 1297 404 27

164 452 282 525 locum
297 452 438 545 optimae
457 444 617 544 conjugis
634 451 785 544 pessima
800 461 1013 523 successerat
1031 454 1171 542 mulier,
1207 479 1300 527 nem-

163 622 208 694 pe
226 599 364 670 famosa
380 599 446 670 illa
459 599 572 690 Julia,
593 624 685 694 quae,
705 600 789 671 licet
802 601 934 672 Tiberii
952 601 1155 696 praeoupida
1189 601 1298 698 (quod

164 747 299 843 palam,
322 749 379 819 vel
400 751 464 821 sub
484 749 600 843 priore
613 749 754 836 marito,
773 748 1004 844 ostenderat),
1022 772 1104 820 mox
1119 750 1187 820 sibi
1197 749 1299 842 juno·
1408 732 1413 740 ⁸

163 903 240 966 tum
262 895 449 966 adulteriis
466 896 540 968 suis
559 920 630 968 non
650 897 769 967 minus
787 896 977 968 ridiculum
1005 920 1112 991 quam
1136 906 1307 968 moestum‘
1381 962 1383 967 .

163 1043 307 1132 effecit3
342 1067 481 1141 nempe,
515 1045 570 1114 sui
590 1045 770 1116 dedecoris
787 1045 883 1115 haud
912 1046 1072 1138 ignarus,
1106 1046 1298 1159 faedissima

165 1211 328 1289 quaeque,
352 1191 505 1283 Augusti
525 1197 698 1288 respectu,
721 1192 784 1264 diu
801 1192 953 1264 tolerare
968 1202 1110 1266 coactus
1123 1167 1187 1266 est.

169 1420 173 1433 ¹
211 1439 351 1526 Quibus
367 1438 621 1511 acerbitatibus
635 1441 912 1534 pulcherrimum
929 1445 1122 1538 suffugium
1136 1445 1301 1517 manifes

162 1594 220 1658 tus
237 1593 291 1657 est
309 1586 525 1682 quaesivisse,
558 1586 693 1659 scilicet
721 1589 834 1660 vitam
859 1590 897 1662 in
922 1591 1062 1680 castris,
1092 1591 1301 1684 asperrimos

162 1732 438 1827 longinquorum
453 1735 627 1806 bellorum
646 1734 785 1807 labores
799 1745 835 1808 et
851 1737 976 1808 utilem
991 1740 1116 1833 patriae
1131 1739 1294 1832 gloriam.

210 1880 307 1953 Hinc
324 1904 407 1951 vero
439 1880 576 1974 majora
592 1891 712 1956 coorta
735 1893 838 1956 erant
856 1885 1027 1979 pericula,
1060 1909 1170 1980 quum
1193 1893 1299 1956 tanta
1374 1930 1376 1935 .

162 2026 269 2125 laude
286 2026 424 2098 duobus
450 2026 660 2119 Caesaribus,
691 2029 776 2100 Caio
795 2037 831 2101 et
855 2031 979 2120 Lucio,
1005 2054 1093 2124 quos
1114 2031 1298 2125 Augustus

162 2182 306 2272 nepotes
324 2175 362 2245 in
380 2197 476 2269 spem
506 2174 645 2271 imperii
663 2177 826 2270 protinus
843 2177 1043 2273 excipiendi
1067 2185 1155 2249 tunc
1173 2178 1298 2250 educa-

161 2327 238 2414 bat,
271 2324 445 2413 Tiberine,
474 2325 707 2422 barbarorum
736 2323 899 2412 domitor,
934 2325 1071 2398 officere
1100 2325 1294 2397 videretur.

161 2472 311 2544 Illorum
350 2471 461 2566 igitur
486 2471 625 2543 insidiis
655 2496 695 2544 ao
731 2473 880 2544 forsitan
910 2471 1064 2545 sicariis¹
1099 2472 1297 2567 vitricoque

162 2618 239 2714 ipso
254 2616 404 2707 diffisus,
426 2617 534 2689 simul
560 2619 832 2691 domesticarum
860 2642 1027 2691 curarum
1047 2619 1138 2689 mole
1163 2619 1294 2708 viotuS,

161 2767 373 2861 urgentibus
392 2767 497 2871 simul
512 2764 627 2872 taediis
644 2790 685 2837 ao
700 2774 809 2855 metu,
826 2789 986 2855 uxorem,
1005 2767 1142 2854 urbem,
1160 2765 1293 2855 aulam,

161 2912 294 3006 pariter
314 2935 378 2983 nec
403 2911 578 2983 immerito
596 2912 744 3002 invisas,
774 2911 930 3006 fugerat,
952 2911 1195 3006 proficiscendi
1214 2936 1296 3007 pro·

161 3081 268 3153 perus
282 3065 318 3130 et
334 3081 465 3152 paucos
486 3057 674 3131 admodum
691 3059 730 3130 in
746 3059 905 3151 digressu
921 3058 1159 3131 exosculatus

211 3204 312 3290 Quod
335 3205 378 3292 si,
410 3203 572 3276 Rhodum
590 3211 678 3274 tunc
698 3203 885 3295 navigans
907 3210 1116 3300 tempestate
1138 3203 1203 3274 illa
1222 3228 1296 3299 qua

157 3349 316 3442 jactatus
343 3357 407 3438 est,
437 3348 562 3420 fuisset
592 3348 744 3420 feliciter
773 3347 1004 3441 interceptus,
1039 3372 1156 3420 nonne
1175 3325 1296 3422 omnes

163 3499 412 3589 indoluissent,
440 3506 485 3595 ut
508 3500 659 3592 probum
693 3520 734 3566 ac
762 3505 946 3566 strenuum
977 3495 1104 3584 civem,
1136 3497 1198 3590 qui
1230 3496 1296 3567 ali-

162 3647 305 3743 quando
325 3647 480 3740 optimus
498 3647 646 3741 futurus
660 3651 750 3716 esset
773 3643 972 3737 Princeps?
998 3642 1182 3715 Hactenus
1201 3645 1296 3717 enim

163 3794 256 3865 nihil
272 3794 382 3865 ferme
401 3793 517 3888 pravi,
541 3792 670 3863 nedum
687 3791 896 3885 portentosi,
914 3789 1144 3885 prodiderat:
1165 3789 1295 3885 Saepen-⁴

164 3942 225 4013 bus
245 3942 388 4035 quidem
417 3942 646 4034 arguebatur,
677 3938 737 4009 sed
754 3936 888 4032 gentile
906 3937 973 4007 hoo
995 3936 1124 4008 vitium
1144 3937 1296 4030 majores

164 4086 240 4180 ejus
259 4112 348 4181 saepo
368 4086 525 4164 faustum
544 4108 585 4161 aa
604 4083 692 4163 felix
712 4080 915 4185 reipublicae
939 4081 1098 4158 fecerant
1109 4105 1118 4170 3
1139 4081 1297 4159 horridus

207 4338 212 4374 ¹
230 4335 313 4403 Suel.
328 4336 404 4405 Xlll,
