2926 4934
241 251 291 320 38
709 273 755 323 nn
781 271 906 324 rncrro

252 425 321 472 non
341 409 587 495 praemetueret
604 400 778 489 Tiberius,
803 398 963 472 conscius
986 422 1125 509 quoque
1151 423 1186 472 se
1217 401 1303 472 novi
1329 424 1380 472 re*

242 572 321 621 rum
348 557 464 619 status
483 549 644 620 hostibus
663 547 894 643 peculiariter
911 547 1068 619 invisum
1088 571 1129 619 ac
1146 556 1316 643 spretum,
1336 555 1381 620 nt

244 695 320 788 qui,
342 701 447 789 gente
467 701 565 766 ortus
588 695 702 788 plebis
721 695 783 765 diu
803 693 1087 788 spernacissima,
1115 702 1218 789 patre
1237 694 1380 788 genitus

244 850 387 914 auctore
420 841 644 936 praemiorum
675 841 914 937 tyrannicidis
945 843 1057 914 Bruto
1087 844 1277 939 Cassioque
1309 846 1379 916 sol·

245 996 460 1084 vendorum,
500 995 574 1089 ipse
605 1002 724 1066 tamen
764 994 942 1106 Caesarum
979 991 1160 1111 potestati·
1183 993 1382 1093 famulatus

243 1150 321 1213 erat
335 1142 360 1233 ¹,
397 1143 639 1236 diuturnaque
664 1165 727 1236 per
753 1143 955 1238 opprobria,
977 1144 1140 1232 extorris,
1154 1149 1212 1235 ,et
1230 1142 1380 1237 impros-

245 1312 327 1387 pero
357 1313 436 1360 num
464 1289 601 1360 famosa
636 1290 839 1361 eorumdem
875 1288 1054 1381 Caesarum
1091 1289 1165 1361 lilia
1202 1252 1380 1362 conn⁰ubio

245 1437 431 1525 ridiculus,
451 1437 495 1507 ad
514 1436 712 1530 principale
729 1435 914 1530 erepsisset
932 1435 1144 1530 fastigium?
1255 1470 1259 1479 ¹

295 1585 395 1654 Rana
420 1583 563 1678 quidem
591 1582 751 1678 pristinae
770 1582 948 1654 libertatis
965 1582 1165 1677 Optimatcs
1185 1586 1238 1657 illi
1269 1586 1379 1658 disse-

245 1755 321 1805 rere
341 1732 514 1821 solebant,
540 1730 601 1803 sed
620 1754 820 1825 supremam
839 1717 1131 1823 dominationem,
1162 1739 1202 1805 ut
1224 1734 1380 1829 praedam

247 1878 480 1950 audacissimo
510 1878 638 1972 cuique
675 1879 845 1967 oblatam,
880 1879 986 1951 simul
1021 1881 1238 1974 appetebant
1267 1904 1275 1951 :
1308 1905 1379 1953 non

248 2027 354 2120 pauci
381 2033 499 2096 auteur
530 2025 672 2096 domum
702 2022 900 2098 Caesaream
924 2027 1075 2122 origine,
1107 2028 1223 2117 fama,
1255 2030 1382 2124 opibus

248 2176 439 2270 aequabant
449 2195 460 2264 ;
483 2197 633 2268 quorum
652 2175 847 2268 praecipuos
867 2175 1021 2248 moriens
1039 2176 1222 2271 Augustus
1245 2202 1382 2251 succes·

249 2322 318 2393 sori
346 2344 408 2392 suo
428 2319 744 2413 denuntiaveram,
765 2346 941 2418 unusque,
964 2325 1169 2420 Agrippinae
1192 2337 1378 2422 cognatus,

249 2470 391 2564 injungi
414 2492 505 2541 novo
529 2468 682 2564 principi
702 2470 835 2542 laboris
853 2471 962 2544 socios
977 2494 1095 2543 coram
1111 2481 1241 2573 senatu
1260 2483 1382 2568 postu·

251 2621 326 2692 lara
342 2643 448 2691 ausus
463 2617 551 2714 esta
574 2621 597 2692 J
600 2642 657 2690 am
676 2619 918 2692 moliebantur
934 2644 990 2693 res
1010 2644 1121 2693 novas
1137 2621 1225 2694 Libo
1245 2623 1383 2703 Drusus

250 2776 285 2839 et
308 2768 482 2856 Clemens,
504 2774 697 2840 contumax
713 2768 775 2839 ille
804 2769 969 2864 Agrippa
995 2792 1130 2858 servus,
1153 2770 1346 2842 multorum
1365 2794 1384 2842 e

252 2920 354 2989 domo
386 2915 516 2987 Tiberii
550 2914 661 3010 ipsius
697 2915 825 2986 studiis
860 2939 1059 3010 magnoque
1098 2918 1316 3006 Senatorum¹
1350 2928 1386 2992 et

249 3052 424 3158 Equitum
444 3084 589 3134 numero
616 3056 874 3134 sustentatusl.

304 3213 356 3283 lda
386 3235 468 3284 vero
497 3210 663 3282 nutantis
692 3210 809 3281 adbuc
836 3209 1158 3306 dominipericula
1182 3214 1293 3286 serius
1316 3237 1384 3287 me·

256 3358 426 3434 morando
440 3358 584 3430 Tacitus
600 3357 804 3429 attenuavit
814 3357 841 3430 5.
859 3357 1029 3430 Libonem
1047 3381 1187 3454 quoque
1204 3361 1387 3434 vecordem

255 3516 292 3580 et
320 3507 462 3579 facilem
494 3504 664 3576 inanibus
692 3503 809 3592 linxit,
840 3493 1073 3600 securumque
1101 3528 1221 3578 coram
1253 3507 1317 3578 illo
1349 3532 1389 3580 uc

256 3654 396 3751 placide
418 3653 589 3749 perfidum
617 3652 821 3740 Tiberium3
851 3650 975 3724 debuit
993 3660 1114 3725 tamen
1133 3654 1252 3727 minus
1269 3680 1391 3729 vecors

258 3829 365 3900 quam
394 3801 560 3897 potenb'ae
579 3799 724 3872 inhians
744 3798 859 3871 rideri
886 3797 1063 3870 Patricius
1083 3799 1157 3890 ille,
1187 3803 1249 3896 qui
1267 3804 1391 3899 Magos

304 4069 309 4098 ¹
328 4069 411 4128 Suel.
433 4063 493 4126 lib.
511 4065 560 4126 lt'.
892 4061 1002 4125 ‘Suet
1023 4063 1084 4126 Tib.
1100 4067 1193 4129 XXV.

303 4174 404 4235 2Αηη.
421 4175 441 4248 Ι,
462 4175 505 4233 ι3.
895 4181 904 4201 ⁰
925 4170 999 4236 Anu.
1018 4174 1051 4247 ll,
1069 4193 1117 4252 ας,
1133 4175 1182 4252 39.

303 4293 379 4338 ⁰12.
