2926 4934
231 248 254 316 c
407 305 408 308 ,
705 268 751 318 un
777 265 902 319 rncrro

231 403 268 469 et
281 395 426 467 Nobiles
440 393 538 483 novi,
556 415 618 486 per
639 391 788 486 speciem
811 392 1060 487 ingenuitatis,
1078 394 1199 488 pronis
1220 394 1367 467 auribus

232 541 487 636 excipiebant:
517 537 696 627 Caesarum
721 539 875 634 denique
901 540 1076 613 saevitiam
1106 541 1144 612 hi
1172 540 1367 636 praesertim

233 687 378 761 Domini
411 686 643 776 damnabant,
675 687 805 780 quibus
829 687 964 780 peracti
993 688 1198 762 certaminis
1230 689 1368 762 fructus

152 811 157 822 ⁸
233 835 412 930 percipere
431 832 576 905 tandem
595 831 797 905 concessum
816 840 906 917 erat,

286 993 399 1067 Simul
417 991 586 1064 inchoata
603 989 732 1082 juveni
752 991 874 1065 Tacito
902 1015 1055 1086 moxque
1081 1000 1187 1064 aucta
1200 993 1369 1087 'dignitas

233 1140 414 1236 propriam
442 1137 625 1210 fortunam
650 1138 753 1233 quasi
769 1138 936 1211 -fortuna'e
962 1139 1140 1213 libertatis
1163 1163 1270 1235 quam
1291 1163 1368 1212 arc-

142 1317 151 1339 ·
233 1286 381 1361 tissimis
398 1284 553 1358 vinculis
571 1307 769 1358 connexam
783 1285 1007 1358 ostenderat:
1030 1309 1155 1381 nempe
1169 1285 1369 1381 Vigintivir

234 1442 271 1507 et
285 1435 446 1522 Quaestor
462 1456 482 1504 a
497 1433 728 1527 Vespasiano,
746 1433 875 1506 AEdilis
888 1433 972 1507 dein
987 1441 1051 1505 aut
1060 1434 1239 1507 Tribunus
1253 1459 1275 1506 a
1289 1434 1368 1506 Tito

235 1591 387 1672 creatus,
421 1606 504 1654 mox
522 1581 656 1655 Praetcr
675 1589 711 1654 et
737 1581 1023 1671 Quindecemvir,
1057 1583 1232 1654 seculares
1264 1581 1367 1654 ludos

236 1734 363 1805 edente
392 1729 610 1818 Domitiano,
639 1726 832 1822 reperitur¹
852 1751 862 1816 3
883 1727 922 1798 in
950 1751 1020 1822 quo
1044 1727 1231 1822 dignitatis
1250 1730 1366 1822 gradu

235 1876 372 1951 diutius
389 1879 562 1965 retentus,
586 1873 706 1946 Nerva
725 1874 867 1946 demum
885 1873 1126 1969 principatum
1151 1884 1366 1970 capessente,

241 2025 363 2097 consul
389 2023 617 2098 renuntiatus
652 2031 731 2112 est3
768 2025 820 2096 ita
858 2030 902 2094 ut
926 2023 1005 2117 pari
1031 2023 1222 2119 eodemque
1248 2033 1370 2098 tenore

239 2174 351 2245 Roma
371 2171 416 2244 ad
434 2171 650 2260 libertatem,
672 2169 816 2243 Tacitus
840 2169 885 2241 ad
903 2168 1071 2244 honorem
1088 2192 1264 2246 summum
1293 2194 1372 2246 con·

242 2320 416 2392 scendisse
434 2317 637 2390 videantur.

198 2487 199 2493 ’
287 2442 460 2576 Equidem
482 2478 541 2551 hic
564 2479 637 2551 illis
669 2482 905 2553 occurendum
923 2480 1051 2569 sentio,
1081 2481 1144 2575 qui
1175 2481 1371 2554 0011111-

136 2641 139 2645 ’
239 2629 328 2700 lium
345 2627 509 2722 protinus
528 2625 715 2715 mirentur,
750 2649 845 2706 ,novo
865 2650 983 2699 rerum
1000 2627 1112 2699 statui
1139 2608 1373 2700 1111111111·

240 2801 331 2866 sum,
347 2783 422 2848 tam
439 2774 611 2869 praeclara
627 2775 763 2864 munia,
785 2768 840 2846 111
857 2775 982 2847 titulos
1003 2798 1024 2846 a
1042 2775 1221 2848 Oaesarum
1240 2799 1373 2848 succes-

242 2923 380 2996 soribus
399 2920 583 3015 accepisse.
615 2917 792 2992 Nimirum
818 2919 990 2992 desiderio
1013 2921 1157 3016 «prisci
1180 2930 1216 2993 et
1240 2922 1372 3016 integri

241 3069 370 3146 noris2
391 3097 424 3159 a,
445 3076 488 3141 ut
507 3070 581 3164 ipse
600 3026 665 3157 ait,
688 3067 848 3156 ardebat,
871 3067 931 3139 sed
948 3076 1162 3162 praesentem
1179 3058 1369 3161 tolerabat,
1434 3118 1435 3121 =

241 3229 284 3293 ut
302 3215 537 3292 necessarium
555 3237 563 3286 :
585 3214 650 3305 ita,
673 3213 851 3308 sapienter
865 3221 1077 3309 temperans
1094 3217 1261 3311 aequabili
1278 3218 1372 3312 apud

241 3364 425 3460 Principes
445 3362 656 3436 auctoritate
670 3361 801 3454 viguit,
823 3361 920 3432 haud
939 3362 1111 3434 absimilis
1129 3363 1254 3458 Lepidi
1273 3364 1373 3436 iilius
1440 3361 1443 3369 ’

244 3525 348 3613 quem
384 3515 486 3586 nobis
523 3513 678 3586 ostendit
714 3511 801 3605 ipse,
836 3510 1074 3604 imperitante
1097 3511 1250 3602 Tiberio,
1280 3514 1373 3584 inter

246 3670 434 3762 abruptam
466 3662 726 3738 contumaciam
758 3667 794 3732 et
826 3659 981 3733 deforme
1000 3682 1122 3730 rursus
1149 3661 1369 3757 obsequium,

247 3817 315 3887 iter
335 3837 453 3885 secure
472 3818 676 3907 pergentem
687 3808 714 3880 ⁵.

292 4120 299 4150 ¹
316 4119 391 4179 1111.
406 4122 428 4195 1,
448 4119 631 4194 13A1111.X1,
652 4088 699 4176 11.'
881 4115 891 4146 ³
908 4115 983 4175 Anu.
1000 4116 1049 4190 rr,
1066 4137 1113 4176 20.

288 4225 388 4285 1”.11111.
406 4227 426 4299 1,
442 4223 471 4302 sq.
