2926 4934
243 262 262 305 2
709 261 754 310 nn
780 261 904 310 'inemo

239 383 453 467 exercitibus
480 407 544 478 per
566 383 745 473 victoriae,
776 385 924 456 Senatui
950 386 993 453 ob
1015 405 1168 456 amorem
1194 381 1363 471 militurn,
1392 429 1393 432 =

238 530 373 624 Populo
407 553 469 625 per
499 529 711 602 facilitatem
743 530 906 625 imperii,
940 531 1077 603 cunctis
1112 529 1264 625 denique
1294 536 1369 600 tam

201 687 202 690 ’
238 677 490 751 diuturnorum
522 676 789 751 contentionum
831 675 909 759 odio
944 677 1231 772 renascentisque
1271 697 1370 747 secu-

237 824 357 897 ritatis
393 824 581 898 dulcedine
614 823 878 896 commendatus
883 879 894 914 ‚
938 814 1106 897 naturam
1139 825 1238 920 sequi
1268 847 1369 896 suam

237 979 416 1068 potuerat,
437 969 684 1068 Principatum
708 960 872 1045 omnibus
899 981 1081 1069 acceptum
1098 973 1370 1067 libertatemque

233 1119 311 1212 jam
343 1142 414 1192 non
442 1127 685 1191 contumacem
715 1119 893 1191 miscendo
923 1119 1069 1212 :igitur
1099 1143 1210 1210 arma,
1240 1120 1370 1214 quibus

237 1265 417 1339 Oaesarum
442 1266 559 1340 hostes
585 1265 669 1336 olim
693 1266 811 1337 territi
835 1265 1061 1360 oppressique
1086 1266 1243 1357 fuerant,
1272 1266 1370 1338 dela-

235 1421 328 1484 tores
358 1413 493 1487 soilicet
519 1415 664 1510 Lexque
684 1412 896 1507 MajestatiS‚
917 1412 1071 1486 infracta
1085 1412 1120 1503 ί;
1149 1415 1254 1486 rebus
1275 1413 1369 1485 domi

236 1563 451 1660 compositis
484 1561 729 1658 redintegrata
762 1563 799 1634 in
830 1562 1069 1634 Romanorum
1097 1560 1225 1633 animis
1250 1560 1369 1633 laudis

235 1710 371 1782 bellica
386 1709 532 1804 gaudia,
550 1708 660 1782 ferme
675 1717 807 1804 negata
820 1716 874 1781 tot
883 1708 1109 1802 Principibus
1123 1731 1210 1802 quos
1227 1708 1370 1780 interna

234 1858 394 1954 pericula
436 1855 549 1951 magis
589 1859 626 1927 in
670 1862 766 1928 arcto
805 1856 979 1953 imperare
1017 1851 1253 1949 coegerant23
1298 1854 1368 1926 imo

235 2003 430 2077 instaurati
465 2001 683 2101 Reipublicae
708 1997 785 2094 jam
811 2025 881 2074 non
912 2000 1182 2097 pertimescendi
1210 2025 1294 2075 usus
1330 2026 1371 2105 ac

236 2150 378 2225 mores⁵
389 2176 400 2242 3
432 2150 507 2246 ipse
535 2149 729 2245 Trajanus,
768 2151 973 2223 consulatus
999 2151 1143 2246 petitor,
1176 2152 1249 2224 suis
1277 2153 1368 2224 inte·

235 2323 328 2374 resse
347 2299 514 2390 comitiis
532 2305 648 2370 rostra
661 2298 904 2387 conscendere,
921 2295 1156 2390 jurejurando
1171 2321 1207 2370 se
1221 2298 1370 2371 obstrin-

236 2472 317 2544 gere
328 2472 339 2538 3
370 2420 416 2519 ad
435 2446 583 2520 Curiam
601 2445 677 2518 sine
700 2452 889 2541 apparatu,
921 2444 1061 2517 nemine
1081 2445 1253 2536 submoto,
1288 2469 1369 2540 pro·

234 2595 334 2690 gredi
346 2618 357 2684 ;
388 2602 567 2665 senatores
590 2592 635 2664 ad
663 2591 980 2676 libertatemultro
1005 2592 1199 2697 exhortari,
1236 2591 1368 2664 civium

234 2743 387 2839 denique
407 2741 566 2814 omnium
584 2729 1212 2834 insectationi,defunctosPrincipes
1225 2738 1367 2833 permit
1457 2788 1459 2792 ι

232 2898 320 2981 tere,
361 2891 405 2960 ob
436 2898 637 2992 temporum
669 2887 945 2982 discrepantiam
978 2887 1034 2958 sui
1066 2910 1220 2959 securus.
1259 2887 1367 2973 Quali

233 3036 432 3131 gratiarum
469 3041 642 3108 concentu
681 3034 833 3129 populus
872 3034 962 3106 talia
993 3034 1224 3125 salutaverit,
1258 3057 1365 3129 quam

235 3184 406 3257 destricta
433 3184 534 3256 rabie
561 3160 741 3256 incorum
768 3206 890 3255 manes
917 3205 1067 3277 quorum
1091 3181 1267 3255 saevitiam
1289 3191 1367 3254 erat

231 3355 426 3436 perpessus,
463 3320 674 3422 desaevierit,
709 3330 810 3403 testis
836 3329 901 3401 illa
926 3329 1037 3402 Plinii
1065 3329 1218 3402 consulis
1251 3330 1364 3402 oratio

231 3503 294 3573 per
312 3479 475 3567 biduum,
508 3502 572 3550 nec
598 3478 674 3551 sine
704 3500 839 3549 summo
870 3477 977 3550 Urbis
1006 3484 1041 3550 et
1069 3477 1185 3550 Italiae
1205 3502 1361 3570 assensu,

231 3776 459 3869 comprobata
477 3775 703 3844 vehementer
716 3770 753 3860 4;
788 3780 919 3865 cuncta
943 3772 1078 3847 scilicet
1101 3773 1246 3866 Trajani
1267 3783 1358 3865 acta,

271 4081 278 4110 ¹
296 4081 443 4162 Panegyr.
460 4078 593 4162 Trajani,
615 4076 653 4156 34
671 4083 701 4138 et
717 4077 766 4139 35.
864 4078 875 4112 ³
890 4081 1038 4162 Panegyr.
1051 4078 1357 4161 l'rajani‚61‚tia,t'›3.

273 4185 376 4271 2Μζιὶ.
397 4209 443 4259 ιι,
464 4207 508 4259 ια,
527 4185 576 4244 ι3.
865 4185 875 4216 ⁴
892 4188 979 4247 Plinii
995 4188 1090 4268 Epist.
1108 4188 1164 4261 lll.;
1176 4191 1221 4249 13.
