2926 4934
545 245 649 298 cinon
675 241 852 296 rmnmuu
1043 228 1049 248 '
1245 252 1263 323 7

126 396 133 412 ··
177 366 252 441 Nec
272 392 355 441 vero
374 371 520 463 publica
538 377 680 441 tantum
700 371 913 466 privataque
937 374 1166 466 prosperitas,
1207 374 1266 444 sed

124 532 212 591 mox
226 518 365 614 proprii
384 519 502 590 luctus
520 525 715 613 potuerunt
731 519 847 592 Taciti
872 518 1058 591 fastidium
1086 520 1125 590 in
1145 521 1265 593 saeculi

126 666 184 738 sui
209 665 395 760 ignaviam
431 667 644 739 accendere:
682 667 859 740 vixerim
886 667 1098 762 Vespasiani
1124 668 1267 764 Titique

126 812 272 884 liberali
291 814 409 884 animo
436 821 614 886 recreatus
631 815 728 902 erat,
764 837 888 908 quum,
920 815 1009 888 Urbi
1040 816 1266 887 incumbente

124 961 231 1032 calvo
261 960 447 1049 Nerone¹,
478 962 743 1056 interceptoque
772 986 889 1035 socero
923 986 1015 1052 suo,
1052 962 1265 1058 peritissimo

125 1108 217 1181 duce
234 1116 273 1180 et
288 1111 422 1203 optimo
439 1110 530 1198 viro,
567 1110 747 1203 Agricola,
782 1110 927 1182 Tacitus
950 1110 1163 1204 experiendo
1182 1112 1267 1183 doc·

123 1262 187 1327 tus
205 1263 260 1328 est
277 1280 453 1351 quaenam,
476 1281 540 1352 per
555 1257 738 1352 superiora
757 1266 930 1353 tempora,
954 1259 1049 1330 cives
1062 1251 1138 1350 jam
1161 1260 1266 1331 annis

123 1404 261 1476 maturi
278 1405 547 1500 perpetiendum
564 1407 786 1478 habuissent.

174 1552 302 1624 Nonne
315 1552 365 1624 sic
384 1560 491 1624 natus
511 1553 764 1647 educatusque,
805 1561 842 1624 et
861 1575 923 1646 per
942 1554 1033 1623 tales
1052 1575 1170 1625 rerum
1190 1577 1264 1625 mu-

123 1701 281 1774 tationes
308 1701 367 1772 vir
395 1703 592 1792 traductus,
615 1709 778 1773 veterum
798 1701 983 1774 Nobilium
1004 1702 1150 1796 spiritus
1168 1702 1207 1774 in
1228 1725 1264 1774 se

124 1851 287 1924 refovere
304 1874 412 1947 prope
433 1852 627 1924 necessario
646 1852 802 1924 debuit?
828 1851 978 1924 Minime
996 1852 1109 1947 igitur
1127 1853 1264 1924 miran-

120 1999 212 2070 dum
240 2000 397 2094 plurima
421 2000 460 2071 in
491 2000 590 2071 illius
623 2000 788 2094 operibus
820 1999 967 2094 reperiri
1001 2025 1079 2094 quae
1114 2001 1261 2073 multam

124 2170 212 2242 erga
229 2148 402 2219 Patricios
431 2147 721 2236 sollicitudinem,
757 2147 914 2218 multum
934 2148 972 2218 in
992 2149 1112 2220 Plebis
1130 2172 1261 2243 propu-

124 2302 293 2392 gnatores
309 2294 429 2366 odium
449 2295 643 2366 declarent.
677 2293 819 2387 Ubique
835 2293 981 2365 Tacitus
999 2294 1156 2366 illustres
1176 2318 1262 2389 gen-

124 2451 195 2527 tes,
225 2464 376 2536 quarum
404 2465 425 2512 a
453 2441 647 2534 majoribus
674 2441 906 2512 constitutam
937 2441 1097 2535 Imperii
1115 2443 1188 2513 vim
1222 2466 1263 2514 ac

124 2589 340 2682 dignitatem
372 2589 520 2683 legerat,
558 2596 706 2660 vexatas
734 2588 924 2658 miseratur
952 2596 1016 2658 aut
1033 2589 1258 2683 indignatur,

124 2745 250 2811 moerct
281 2737 487 2826 exstinctas,
522 2737 741 2809 denubentes
773 2736 812 2806 in
841 2736 1057 2808 modicorum
1090 2738 1261 2834 Equitum
1301 2757 1304 2763 ’

124 2889 248 2978 domos
265 2892 451 2981 gravatur.
486 2887 533 2957 Et
551 2885 657 2957 avitae
689 2885 873 2980 religionis
891 2887 995 2974 ritus
1026 2886 1257 2975 caerimonias,

123 3037 269 3110 fabulas
286 3036 395 3109 etiam
416 3058 457 3106 ac
473 3035 741 3130 superstitiones
764 3058 827 3130 pro
848 3036 1001 3130 quodam
1021 3036 1121 3107 cultu
1140 3059 1260 3130 prose-

123 3185 275 3297 quitur:
296 3184 354 3255 his
385 3183 480 3254 enim
513 3183 758 3255 fundamentis
791 3184 930 3255 stetisse
960 3206 1033 3254 rem
1064 3185 1260 3256 Romanam

125 3339 331 3426 acceperat3
367 3331 499 3425 quaein
523 3330 597 3428 dies
628 3330 840 3402 labefactari
864 3331 1082 3425 intelligens
1104 3324 1196 3404 nihil
1220 3335 1258 3404 in

124 3481 289 3552 futurum
308 3479 378 3550 nisi
396 3481 541 3574 Imperii
565 3481 709 3551 ruinam
726 3488 763 3552 et
781 3505 918 3554 morum
938 3481 1174 3576 perditionem
1195 3507 1258 3556 au·
1340 3472 1344 3481 ’

125 3628 238 3699 debat
253 3628 434 3722 augurari.
468 3628 656 3698 Armorum
675 3652 814 3723 quoque
842 3629 998 3719 laudem,
1034 3621 1270 3724 splendidum

125 3773 213 3845 olim
231 3772 390 3868 patriciae
411 3771 635 3842 auctoritatis
654 3773 929 3845 instrumentum
950 3799 991 3846 ac
1007 3801 1255 3873 propugnacu-
1341 3859 1344 3867 ,

123 3923 215 4010 lum,
233 3920 271 3991 in
293 3920 417 4014 primis
436 3919 605 3991 extollere
625 3916 740 3990 solet2
756 3925 772 4008 3'
790 3929 955 3994 caeterum
970 3925 1173 4018 provincias
1192 3952 1255 4021 pa-

171 4254 175 4285 ¹
194 4251 345 4315 luvenalis
361 4250 423 4311 Sbl.
440 4252 489 4311 lt'.
761 4252 863 4313 ²Ann.
881 4254 930 4329 lb',
947 4256 995 4314 32.
1055 4248 1056 4252 ’
1130 4232 1143 4237 ”
