2926 4934
162 257 209 352 78
339 302 342 307 ·
630 271 675 324 nn
700 271 824 356 mmm

141 424 267 507 ⁴quem
289 400 357 472 sibi
377 399 626 473 ofactionibus
646 395 789 470 illatum
811 396 997 469 reddidit:
1020 395 1164 468 minime
1187 395 1294 469 inno-

72 539 76 565 '
163 549 235 639 cui,
255 547 403 619 minime
422 546 556 618 debiles
573 546 718 618 fuerant
744 544 861 616 hostes
890 544 947 615 illi
975 566 1125 639 quorum
1150 543 1295 638 quidem

163 719 265 767 casus
279 696 501 768 miseramur.

212 842 351 937 Reputa
377 841 531 937 primum
558 840 680 935 quales
698 847 785 910 tunc
804 837 951 928 fuerint,
970 844 1066 909 teste·
1079 837 1137 908 vel
1156 839 1292 928 Tacito,

162 987 261 1059 illius
286 986 445 1058 civitatis
472 1009 585 1056 mores
607 1008 615 1055 ε
638 992 765 1079 reputa
789 984 916 1055 luxum
943 982 1028 1055 adeo
1056 983 1301 1056 insanientem

161 1143 204 1207 ut
223 1159 267 1208 ne
286 1136 452 1207 satietate
467 1133 609 1230 quidem
623 1135 798 1234 restingui
813 1140 930 1228 posset
943 1132 951 1178 ¹
964 1157 974 1223 3
993 1133 1164 1206 Senatum
1177 1133 1294 1228 ipsum

162 1281 434 1354 foeneratoribus
467 1279 678 1369 refertum23
716 1280 837 1353 domos
868 1281 1055 1376 plerasque
1089 1281 1292 1371 adulteriis,

163 1429 353 1518 veneficiis,
387 1428 555 1517 infectas3
591 1428 781 1519 connubia,
812 1427 938 1523 spretis
964 1436 1019 1500 tot
1047 1428 1199 1521 legibus,
1232 1434 1295 1498 aut

164 1575 278 1666 nulla,
293 1581 356 1646 aut
369 1598 476 1669 quam
490 1575 738 1646 brevissimum
753 1575 798 1646 ad
813 1582 953 1669 tempus
965 1572 1167 1668 suscepta³;
1186 1571 1295 1665 juxta

163 1721 348 1793 lasciviam
367 1723 708 1817 contumaciamque,
732 1720 927 1792 socordiam
954 1729 990 1792 et
1011 1721 1183 1792 turbandi
1205 1744 1296 1790 amo·

164 1893 258 1958 rern3
286 1868 427 1940 irrisam
455 1870 592 1966 pridem
614 1867 778 1962 antiquos
798 1869 835 1937 in
854 1867 946 1938 Deos
965 1869 1146 1962 pietatem,
1169 1868 1296 1967 inrum·
1331 1846 1334 1851 ⁵

163 1994 331 2110 pentibus
350 2017 508 2110 undique
527 2017 683 2088 externis
703 2015 926 2104 caerimoniis,
953 2016 1103 2087 necdum
1129 2015 1216 2088 satis
1240 2015 1296 2087 di-

164 2163 314 2257 vulgata
332 2162 503 2256 religione
519 2185 612 2231 nova
630 2159 696 2231 illa
711 2181 802 2255 quae,
826 2162 890 2232 sub
911 2159 1014 2232 finem
1030 2160 1174 2250 Tiberii,
1200 2160 1296 2256 apud

163 2312 305 2384 ludaeos
328 2312 391 2383 vix
411 2318 502 2400 orta,
523 2317 576 2381 tot
595 2309 699 2380 malis
718 2308 851 2381 mederi
870 2309 1028 2381 nondum
1047 2316 1224 2405 potuerat.

214 2601 352 2695 Reputo
370 2601 564 2694 praesertim
578 2601 783 2695 pestiferam
795 2599 998 2694 juventutis
1016 2600 1291 2688 institutionem,

164 2771 236 2842 qua
257 2747 523 2837 adolescentuli,
543 2771 606 2842 per
629 2747 885 2822 Controueraa'oa
903 2757 966 2820 aut
985 2747 1183 2841 Srruaore'oa,
1205 2751 1317 2845 vitia
1345 2748 1348 2755 ’
1382 2814 1388 2834 ,

165 2896 284 2967 omnia
304 2890 518 2990 cunctasque
543 2896 659 2989 gentis
678 2896 824 2990 perditae
852 2896 970 2968 sordes
991 2922 1012 2968 a
1034 2897 1166 2968 teneris
1185 2897 1297 2969 medi·

164 3042 235 3113 tari
265 3050 301 3113 et
330 3050 485 3114 tractare
522 3040 764 3135 cogerenturl.
796 3042 926 3114 Iisdem
954 3044 991 3115 in
1024 3045 1148 3135 scolis,
1186 3069 1295 3138 quum

162 3189 362 3259 oratoribus
386 3187 514 3283 prioris
539 3187 608 3260 aevi
628 3196 664 3258 et
682 3187 859 3259 historicis
885 3188 1042 3260 animum
1070 3199 1295 3287 mentemque

163 3334 401 3423 intenderent,
424 3357 533 3428 quum
559 3333 689 3404 veteris
714 3333 930 3427 Reipublicae
959 3359 1014 3406 res
1036 3337 1161 3407 extolli
1181 3338 1295 3433 depri-

162 3479 257 3551 mive
284 3479 461 3568 audirent,
484 3485 546 3548 aut
565 3477 632 3548 aevi
651 3477 822 3572 praeteriti
850 3479 1008 3573 spiritus,
1032 3481 1211 3571 ferociam,
1239 3484 1292 3554 fo-

162 3627 318 3699 rensium
337 3624 571 3696 certaminum
599 3648 764 3713 amorem,
787 3625 1035 3720 intempestive
1062 3629 1289 3721 hauriebant,

164 3784 228 3848 aut
242 3774 333 3846 nihil
348 3772 434 3845 satis
449 3772 536 3844 certi
550 3773 593 3843 de
610 3772 741 3867 patria,
759 3771 803 3843 de
821 3796 883 3843 suo
895 3781 1063 3868 tempore,
1084 3776 1288 3848 discebant:

206 4027 212 4058 ¹
232 4029 307 4086 Anu.
324 4026 357 4101 ll,
374 4025 427 4100 333
444 4025 492 4098 lll,
508 4021 558 4101 54,
572 4022 621 4084 55.
797 4022 902 4084 ‘Vide
924 4023 1045 4084 Senocae
1066 4023 1199 4087 libaturus
1218 4026 1293 4088 Con·

202 4130 346 4208 '²Vl,16.
754 4132 921 4193 trouorsr'us.
948 4164 985 4188 -.-·
1010 4131 1089 4193 nul.
1117 4133 1151 4193 de
1179 4132 1292 4196 Orato-

204 4241 215 4271 ³
233 4239 283 4315 lV,
302 4239 347 4299 1⁴5·
754 4241 847 4318 rubus,
865 4240 913 4303 35.
