2926 4934
587 240 690 292 erare
715 239 890 292 naamon
1260 217 1305 288 35

153 403 163 415 ·-
175 363 273 458 apud
296 365 474 439 exereitus
502 367 712 461 Imperator,
744 368 838 462 apud
870 365 1072 461 provincias
1099 366 1304 461 Proconsul,

163 513 290 608 -q'uasi
305 521 447 607 recepta
478 513 514 584 in
548 537 587 585 se
609 514 688 585 tota
716 512 924 608 Republica,
962 514 1164 584 inauditam
1199 522 1308 583 antea

173 658 367 754 quamdam
406 661 653 735 auctoritatem
688 662 757 735 sibi
793 670 1055 757 composuerat,
1088 685 1180 756 quae,
1197 660 1310 733 nullis

174 806 353 904 descripta
385 811 548 882 terminis
584 808 837 905 vocabulisque
859 798 1013 883 maxime
1038 809 1151 904 gratis
1178 808 1309 904 populo

168 937 529 1054 ·sig'nata,'plerisque
560 958 699 1031 oivibus
716 983 783 1054 par
806 959 912 1054 longo
932 959 1073 1033 suidam
1106 960 1311 1053 interregno

176 1103 293 1176 rideri
311 1103 447 1177 debuit.
468 1105 562 1176 Mira
577 1104 731 1200 denique
750 1113 826 1177 arte
842 1105 1020 1202 Prinoipis
1038 1114 1157 1202 partes
1175 1115 1310 1201 egerat,

160 1252 436 1325 -uaturaeomis
452 1252 706 1348 privatumque
723 1253 838 1324 multa
857 1277 938 1324 aum
958 1253 1104 1325 solertia
1124 1253 1314 1348 simulanS,

175 1409 213 1474 et
230 1401 389 1474 omnium
418 1401 577 1497 plausae,
614 1407 760 1498 peraeta
782 1400 920 1492 fabula,
949 1426 1092 1497 proruas
1109 1412 1314 1474 meruerat:

176 1549 424 1644 Principatum
444 1573 527 1622 vero
546 1550 662 1644 ipsum
678 1549 882 1621 ostenderat
898 1549 1138 1644 potiusquam
1154 1551 1319 1622 condide-

161 1707 248 1790 -rat,
287 1698 458 1792 nullaque
474 1698 561 1769 satis
580 1705 676 1768 eerta
692 1697 769 1790 lege
784 1696 952 1769 innixum
974 1699 1171 1791 reliquerat
1186 1699 1210 1771 ¹.

167 1862 174 1881 ⁴
228 1847 310 1940 lpso
326 1844 439 1938 igitur
456 1847 618 1937 Augusto
582 1845 839 1953 tdefioiente,
867 1845 957 1917 nihil
977 1854 1052 1918 tam
1072 1848 1257 1938 stabilest
1242 1857 1318 1922 tam

180 1993 411 2088 oompositum
431 1973 614 2088 supererat
632 1992 727 2086 quod
740 1993 928 2088 repentina
943 1996 1111 2088 quaelibet
1127 2005 1279 2092 tempest
1276 2023 1322 2070 as
1418 2079 1420 2082 Α

184 2148 249 2213 aut
273 2139 434 2234 abripere
453 2163 524 2210 nou
543 2139 680 2212 valeret
700 2148 763 2211 aut
782 2139 861 2232 disj
852 2163 956 2213 mere.

188 2288 400 2362 rProtinus
420 2298 539 2374 autem
558 2311 614 2360 res
631 2288 781 2359 maximi
806 2289 975 2361 momenti
1003 2293 1188 2382 agebatur,
1211 2293 1321 2365 liber-

183 2448 298 2530 usne,
326 2460 405 2534 quae
423 2438 704 2534 haudquaquam
736 2441 871 2511 abolita
906 2441 1038 2529 fuerat,
1072 2441 1132 2513 sed
1158 2450 1321 2513 tantum-

171 2584 286 2657 'mod'o
305 2585 400 2685 apud
416 2609 533 2656 unum·
554 2586 813 2681 aliquantisper
840 2588 993 2682 seposita
999 2610 1130 2678 ,vnune
1158 2589 1324 2659 omnibus

164 2733 444 2823 ··restitueretur,
466 2756 512 2804 an
529 2756 762 2806 suooessorem
781 2734 965 2828 Augustus
982 2737 1145 2825 haberet,
1157 2760 1319 2830 ,eumque

168 2876 289 2974 'quem
309 2881 383 2976 ipso
402 2882 566 2966 voluerat
586 2907 630 2952 an
648 2882 773 2954 aliurn.
794 2882 957 2954 Ineundo
980 2883 1093 2975 igitur
1118 2883 1180 2954 illo
1202 2893 1318 2956 uerta-

120 3110 123 3115 ,
168 3027 293 3118 mine,
306 3036 430 3099 erectae
447 3036 484 3099 et
496 3029 661 3099 accinetae
675 3036 794 3124 partes
813 3053 938 3100 omnes
952 3030 1200 3120 eonstiterant,
1224 3048 1315 3124 quae,

186 3175 325 3247 viribus
341 3199 403 3270 per
422 3175 664 3270 quadraginta
681 3176 811 3271 quietis
831 3176 1105 3267 annosrefeetis,
1120 3177 1319 3271 praeteritas

186 3324 374 3419 longarum
398 3323 680 3396 decertationum
703 3324 862 3396 miserias
883 3325 1014 3415 oblitae,
1041 3349 1137 3396 nuno
1161 3326 1242 3397 odia
1266 3350 1342 3411 ree„

186 3441 288 3565 posta
303 3494 450 3566 spesque
465 3448 654 3564 praesentes
673 3473 920 3543 tantummodo
939 3471 1204 3569 meminerant
1220 3518 1222 3525 =

159 3657 162 3664 ·
209 3619 397 3706 Quanam
428 3618 624 3710 factionum
656 3641 854 3709 numerum,
883 3622 1003 3708 robur,
1032 3620 1176 3692 diversa
1201 3621 1320 3695 studia

190 3759 368 3867 reeensere
388 3789 505 3836 nonne
526 3767 675 3858 sriptor
693 3753 939 3860 Principe-tum
959 3768 1092 3840 Tiberii
1111 3779 1322 3842 narraturus

232 4091 310 4152 ·uu
356 4057 494 4167 casus,
541 4089 726 4166 ru.,‚,mn,
777 4064 964 4154 astruant.

187 4221 216 4280 p.
235 4199 394 4275 §najoth
419 4201 455 4260 de
476 4199 604 4277 Arrgrrsti
626 4200 727 4258 admi·
799 4258 803 4265 ,
1002 4187 1028 4196 .,
