2926 4934
589 294 693 346 cruca
720 296 895 346 1111111111
1133 264 1143 281 ’
1267 297 1318 371 71·

193 468 196 475 ‹
228 418 400 512 Equidem
421 420 536 490 Romae
557 419 643 492 adeo
662 429 820 492 tenacem
855 420 1066 492 historicum
1091 422 1187 492 haud
1221 423 1313 493 absi·

176 565 298 636 -milem
338 565 570 658 pristinorum
606 566 749 638 illorum
785 567 937 661 dixerim
975 576 1186 661 pratorum,
1226 559 1311 663 qui,

180 713 400 785 commissam
420 715 488 786 sibi
509 715 730 809 provinciam
755 741 818 811 pro
843 716 1080 788 molestissimi
1100 717 1217 788 exsilii
1239 717 1314 789 loco

182 861 366 951 habentes,
391 862 435 933 ad
455 863 602 934 Romam
621 863 863 936 indesinenter
877 867 1138 958 respectabant,
1161 866 1315 941 fatentes

177 1011 219 1081 -in
234 1009 393 1105 epistolis
415 1037 433 1080 a
449 1011 540 1082 nihil
556 1011 711 1083 odiosius
721 1012 920 1105 provincia,
939 1013 1030 1083 nihil
1049 1012 1252 1085 1111111111Ι
1266 1017 1273 1086 1
1293 1042 1309 1084 »

174 1158 280 1230 ideo·
300 1158 473 1252 quosdam
505 1136 698 1231 druuliam
732 1159 842 1231 libros
875 1160 987 1232 multo
1017 1161 1134 1231 minus
1157 1161 1313 1233 historiae

176 1305 331 1377 Romani
351 1304 495 1398 Imperii
513 1329 619 1398 quam
639 1305 747 1378 Urbis
760 1306 868 1378 unius
887 1305 987 1378 Actis
1008 1306 1136 1383 annuis
1151 1331 1192 1379 ac
1205 1330 1313 1401 prope

179 1453 319 1524 diurnis
338 1452 472 1523 similes
491 1475 565 1524 esse
584 1453 712 1525 dicam.

184 1643 187 1649 ·
228 1602 409 1687 Queratur
437 1623 532 1699 nunc
560 1599 715 1689 Tacitus,
752 1600 845 1693 quod
878 1599 945 1671 sibi
969 1629 985 1668 a
1009 1602 1109 1672 labor
1142 1603 1178 1675 iu
1209 1610 1305 1675 arcto

185 1776 201 1816 a
226 1743 702 1841 11111111111111111111112
723 1769 760 1834 »3
784 1746 871 1841 ipse,
895 1746 981 1840 ipse,
1012 1734 1172 1841 inquam,
1201 1772 1310 1843 quum

175 1899 288 1977 libere
301 1920 364 1990 per
382 1895 593 1966 immensum
613 1894 704 1965 illud
722 1893 915 1988 Imperium
929 1895 1074 1989 evagari
1090 1902 1218 1989 posset,
1240 1896 1310 1969 imo

177 2044 334 2130 deberet,
356 2049 432 2113 tam
458 2048 627 2134 angustos
645 2041 788 2135 ingenio
810 2065 872 2112 suo
896 2041 1171 2136 circumscripsit
1188 2043 1310 2114 terrui-

163 2213 240 2260 .·-nos
264 2213 273 2260 :
300 2213 386 2282 quos
411 2188 510 2282 intra
536 2188 744 2282 priusquam
771 2212 849 2259 cum
879 2190 940 2260 illo
968 2189 1145 2281 includor,
1175 2199 1311 2263 constet

178 2338 372 2424 Tiberium,
396 2337 454 2408 vel
474 2361 536 2431 per
554 2307 729 2408 extremos
750 2361 874 2428 annos,
892 2339 1101 2411 modestiam
1121 2341 1310 2414 retinuisse

177 2511 262 2579 erga
286 2485 379 2556 11111
399 2509 419 2554 1
438 2484 568 2578 quibus
585 2484 677 2555 nihil
703 2483 783 2556 sibiv
798 2480 1099 2583 extimescendum
1119 2488 1276 2560 crederet
1298 2513 1305 2560 :

175 2633 273 2703 uude
296 2629 371 2723 jam
400 2630 568 2723 conjicias
586 2655 718 2703 savum
745 2631 907 2703 eumdem
925 2633 963 2703 11
984 2641 1125 2705 caeteros
1150 2658 1220 2705 non
1247 2659 1309 2730 per

176 2781 400 2873 voluptatem
433 2785 496 2849 aut
528 2785 622 2850 certo
649 2777 786 2872 pridem
813 2779 972 2868 consiliu,
1008 2781 1068 2853 sed
1096 2805 1167 2875 praa
1193 2789 1304 2871 metu,

166 2927 366 2999 exstitisse.

173 3270 178 3278 .
219 3225 224 3254 ¹
241 3249 254 3277 ι
277 3221 352 3282 Odit
368 3222 461 3282 frater
479 3241 562 3283 11111
581 3220 712 3302 provin·
762 3221 862 3298 ticum,
878 3221 928 3300 Vl,
944 3245 972 3298 a,
988 3224 1016 3284 3.

175 3331 263 3421 ciam,
284 3329 454 3425 1111111111
472 3328 545 3390 nihil
567 3328 711 3405 odiosius,
804 3327 906 3389 ²Ann.
922 3330 972 3406 lV,
989 3331 1038 3390 32.

162 3437 247 3527 ¹nibil
262 3435 428 3497 molestius!
454 3461 467 3491 ι
482 3434 589 3497 Cicero
606 3436 645 3496 ad
660 3435 712 3496 At·
