2926 4934
579 258 683 311 cinci
710 261 886 311 rrnunrun
1258 248 1301 314 8-

1286 312 1296 342 l

170 404 224 476 nis
249 395 401 499 gradum
421 406 579 500 dejectus
607 409 777 484 devenit:
806 413 877 485 huc
896 438 980 489 vero
1006 440 1075 489 non
1099 416 1303 489 voluntario

167 551 319 644 delectu,
346 576 416 626 non
435 562 530 627 certo
557 555 695 650 pridem
715 559 874 651 oonsilio,
897 562 958 634 sed
976 564 1131 658 primum
1159 565 1216 661 (ut
1232 566 1305 661 ple-

166 727 315 799 rumque
333 702 409 776 fieri
437 703 556 800 solet),
586 704 736 797 invitus,
766 731 856 802 pene
875 719 1017 784 coactus
1046 720 1082 785 et
1122 713 1304 787 interdum

166 853 359 943 reluctans,
374 850 586 925 manifestus
599 860 652 924 esi
671 855 848 948 paulatim
861 856 1093 933 descendisse.

214 1137 288 1222 Nec
307 1137 385 1210 ideo
414 1137 578 1233 scriptori
608 1136 716 1231 hujus
735 1136 816 1228 aevi,
849 1136 945 1209 inter
973 1137 1192 1210 doctissimos
1222 1139 1305 1213 Ala·

165 1286 319 1357 manniae
336 1285 476 1358 criticos
494 1286 649 1376 florenti,
669 1284 877 1357 assenserim
888 1283 914 1374 ¹,
937 1285 1000 1379 qui
1018 1286 1303 1359 scelestissimum

163 1433 365 1527 Principem
385 1433 561 1528 singulari
585 1431 754 1528 quadam·
773 1439 809 1504 ei
828 1431 1001 1503 hactenus
1018 1433 1185 1504 inaudita
1211 1435 1304 1506 eari-

162 1587 237 1651 tate
256 1579 472 1674 complexus,
495 1581 590 1652 cives
609 1589 752 1652 necatos
774 1604 795 1650 a
823 1579 1051 1651 dilectissimo
1080 1579 1143 1652 illo
1166 1581 1303 1655 Caesare

161 1729 258 1800 ultro
277 1727 456 1823 objurgat,
475 1729 569 1824 quod
585 1729 730 1801 rectoris
750 1736 883 1801 natura
899 1728 1047 1822 benigni
1063 1753 1104 1801 ac
1120 1729 1304 1804 clementis

162 1877 276 1947 vitam
292 1875 467 1970 trepidam
485 1874 666 1946 effecerint
688 1876 917 1971 animumque
935 1882 1163 1948 mansuetum
1183 1876 1304 1950 effera·

161 2022 294 2094 verini.
313 2022 389 2093 lmo
404 2028 574 2092 maneant
586 2020 725 2092 Tiberio
743 2021 836 2116 apud
854 2029 1010 2117 posteros
1028 2021 1198 2094 scelerum
1221 2048 1303 2096 suo·

159 2195 242 2243 rum
258 2170 365 2264 culpa
382 2177 418 2241 ei
438 2169 578 2241 invidia
598 2194 606 2242 :
629 2170 689 2242 sed
722 2170 921 2242 cavendum
948 2194 1072 2242 rursus
1091 2196 1136 2244 ne
1153 2173 1303 2278 scelera

159 2320 252 2414 ipsa,
275 2317 508 2389 dissimulatis
538 2317 654 2413 (velut
681 2317 777 2411 apud
796 2317 974 2414 Tacitum)
1006 2319 1134 2409 causis,
1164 2321 1301 2417 aliquid

160 2464 356 2560 portentosi
375 2473 416 2534 ac
433 2461 621 2535 necessarii
641 2455 869 2552 contrahant,
899 2487 969 2558 quo
996 2473 1128 2537 natura
1145 2466 1302 2562 ingenue

160 2632 329 2704 perversa
364 2609 462 2682 edita
490 2609 614 2699 fuisse,
645 2608 846 2704 idcircoque
877 2609 922 2705 (si
949 2612 1023 2684 Deo
1049 2613 1204 2710 ploceil)
1229 2638 1300 2688 non

160 2757 368 2830 damnanda
379 2780 453 2829 esse
473 2757 679 2829 videantur.

209 3043 231 3115 J
235 3066 291 3114 am
310 3049 446 3114 constet
468 3042 644 3113 Romanos
669 3041 707 3112 in
728 3042 904 3136 Principis
923 3043 979 3114 sui
1006 3044 1196 3117 sceleribus
1216 3069 1299 3140 par-

160 3201 246 3281 tem,
269 3214 417 3285 eamque
430 3190 639 3279 maximam,
662 3190 840 3263 habuisse.
863 3192 1037 3281 Tiberirm,
1059 3186 1299 3265 Romanorum

160 3338 302 3408 demum
316 3338 581 3432 impellentibus
590 3345 668 3408 tum
684 3337 795 3427 viciis,
811 3345 889 3408 ium
904 3339 1159 3430 simultatibus
1178 3364 1300 3414 cruen·
1384 3373 1386 3378 ·

160 3494 235 3556 tam
255 3485 356 3554 illam
372 3483 470 3555 viam
482 3484 663 3577 ingressus
677 3490 742 3572 esi,
759 3481 861 3574 cujus
875 3483 912 3555 in
927 3508 1037 3578 prono
1054 3508 1156 3556 nemo
1168 3493 1299 3560 temere

159 3657 320 3727 unquam
339 3656 377 3723 se
395 3632 547 3703 retinere
574 3637 639 3702 aui
665 3632 796 3702 morari
814 3631 1058 3725 prolabentem
1077 3634 1207 3726 valuit,
1243 3659 1300 3708 ne-

159 3781 246 3853 dum
263 3787 367 3852 vetus
381 3779 445 3851 ille
460 3778 573 3868 miles,
592 3802 613 3850 a
627 3779 801 3873 sanguine
815 3779 961 3852 minime
977 3781 1182 3872 abhorrens,
1203 3782 1299 3856 inter

204 4053 366 4134 ¹Ad01phe
392 4017 493 4128 Stahr,
514 4052 618 4114 Bilder
641 4073 695 4115 aus
754 4053 935 4134 nitendum,
975 4053 1069 4133 1866,
1103 4058 1163 4118 Zur
1198 4055 1299 4120 Krilik

161 4164 230 4224 dem
250 4161 448 4222 Alterthume.
472 4159 588 4235 Berlin,
609 4158 696 4221 1863.
755 4163 808 4225 (111
829 4163 989 4226 Geschiete
1012 4164 1066 4226 der
1092 4163 1212 4226 Kaisers
1238 4165 1297 4227 Ti-

161 4303 200 4314 -
230 4267 380 4331 Disseniit
409 4267 551 4331 Edouard
580 4269 698 4346 Pasch3
756 4269 869 4332 berius.
