2926 4934
550 267 657 318 cruce
680 265 854 317 rreuururu
1216 247 1265 342 69

132 393 188 467 les
214 394 371 489 Augusti
403 402 440 467 et
469 393 824 469 senatusconsultum
855 393 899 467 de
923 389 1073 485 Voleso,
1108 393 1267 486 ejusdem

125 541 331 636 provinciae
347 542 431 615 olim
448 541 670 638 proconsule,
691 541 800 614 fuisse
814 544 1099 653 tuncrecitatos,
1117 541 1267 635 jubente

134 688 288 778 Tiberio,
313 716 331 761 c
353 712 423 784 quo
440 689 645 761 excusatius
664 691 729 760 sub
749 690 910 784 exemplo
926 691 1171 786 acciperentur
1189 712 1267 786 quae

137 862 156 907 c
177 836 216 908 in
247 835 408 909 Silanum
434 838 641 932 parabat.»
683 836 750 909 Sed
777 837 836 908 hic
861 837 980 909 omisit
1006 839 1152 913 Tacitus
1177 860 1267 911 non·

123 982 239 1055 :nulla
256 1007 335 1078 qnae
350 983 449 1078 apud
464 984 633 1059 Senecam
652 984 787 1079 reperio
800 983 825 1073 ¹,
843 1008 968 1080 nempe
982 986 1149 1094 Volesum
1164 984 1267 1059 illum

137 1130 228 1207 adeo
245 1131 442 1204 intestabili
473 1094 510 1205 in
539 1132 700 1205 subditos
727 1131 868 1211 canitia
891 1132 1001 1205 fuisse
1024 1140 1066 1204 ut
1093 1141 1269 1206 trecentos

136 1303 211 1353 una
235 1279 293 1355 dic
317 1280 530 1373 percusserit
554 1280 668 1352 securi
699 1304 707 1352 :
734 1281 829 1353 unde
853 1279 1051 1373 conjectare
1070 1280 1154 1353 licet
1181 1280 1268 1377 quid

119 1424 276 1501 sceleris
294 1426 524 1499 commisisset
542 1427 700 1518 Silanus,
717 1435 753 1499 et
771 1451 879 1521 quam
894 1428 1001 1500 facile
1024 1455 1041 1499 c
1063 1426 1226 1500 excusari
1246 1452 1265 1495 n

120 1575 308 1669 ,potuisset
325 1575 495 1669 Princeps
516 1598 624 1668 agens
640 1575 698 1687 vel
718 1599 854 1666 summo
869 1574 952 1668 jure
970 1577 1140 1648 adversus
1158 1574 1268 1649 talem

123 1724 306 1816 legatum,
332 1722 395 1815 qui
418 1721 477 1792 vel
499 1729 606 1793 antea
624 1722 782 1793 moribus
800 1721 947 1793 infamis
967 1722 1116 1795 vixisset
1123 1745 1134 1810 3
1167 1720 1269 1813 cujus

120 1878 256 1968 ¹tamen
273 1868 490 1962 relegatione
508 1868 547 1940 in
567 1848 723 1941 insulam
742 1868 936 1964 Cythnum,
957 1868 1080 1939 multis
1098 1867 1268 1949 Patribus

134 2016 310 2088 atrociora
329 2015 575 2104 suadentibus
603 2023 791 2087 contentus
817 2022 870 2086 est
896 2014 1024 2087 Casan.
1057 2014 1154 2102 Quas
1182 2038 1266 2086 vero

114 2161 258 2250 rrcaedeS,
281 2183 359 2254 qua
377 2161 567 2233 latrocinia
594 2185 655 2256 per
674 2161 799 2235 Asiam
825 2162 1016 2233 damnatus
1038 2162 1262 2250 exercuisset,

113 2308 330 2402 explanare
351 2309 550 2403 supersedit
574 2309 742 2398 Tacitus,
764 2309 931 2381 videlicet
956 2309 1076 2381 omnia
1100 2309 1266 2383 noscendi

113 2479 213 2550 ,quae
235 2479 297 2550 per
325 2455 469 2527 ultimos
493 2479 550 2527 eos
577 2456 705 2529 Verres
731 2455 857 2528 domiti
882 2456 1006 2551 populi
1035 2456 1266 2552 perpetienda

111 2599 318 2691 deberent,
341 2625 411 2674 ncn
430 2602 519 2675 satis
538 2601 709 2674 curiosus.

109 2958 112 2963 .
137 2950 142 2977 ,-
184 2901 340 2991 Scilicet,
358 2903 401 2973 ab
420 2901 583 2995 ingenita
598 2904 735 2996 pridem
753 2905 883 2998 populo
907 2931 923 2972 c
946 2906 1017 2977 late
1036 2908 1112 3000 regi
1132 2933 1149 2976 u
1173 2931 1266 2980 arro

133 3049 260 3141 gantia
277 3049 433 3121 nondum
452 3048 556 3139 liber,
578 3049 820 3122 Provinciules
844 3051 922 3146 (hoc
942 3061 1020 3124 erat
1030 3077 1099 3148 pro
1120 3055 1178 3126 vel
1190 3079 1266 3151 prou

116 3195 296 3293 -uictos²)·
324 3197 525 3292 despectare
558 3198 704 3272 minime
738 3201 922 3273 dedidicit.
961 3202 1164 3275 Sententiae
1189 3204 1266 3275 ubi·

125 3369 203 3441 que
223 3348 440 3441 comprobat,
461 3370 539 3442 quae
560 3349 677 3420 Romae
704 3372 808 3443 super
834 3373 1076 3446 quascumque
1100 3353 1266 3428 civitates

129 3497 396 3586 excellentiam,
415 3504 454 3568 et
474 3497 676 3571 absolutum
695 3496 769 3591 jue,
800 3506 863 3572 aut
885 3507 1066 3573 testantur
1095 3511 1159 3575 aut
1182 3527 1266 3576 con·

111 3643 287 3717 limant.
310 3646 585 3729 Innumerarnm
603 3667 659 3716 res
675 3647 852 3738 gentium,
872 3670 952 3741 quae
973 3656 1093 3721 tamen
1120 3651 1264 3745 Imperii

127 3793 338 3886 pars-longe
364 3792 523 3865 maxima
549 3799 669 3883 erent,
693 3796 939 3869 tantummodo
966 3805 1069 3869 curet
1088 3807 1262 3894 quantum

111 3940 180 4009 ad
210 3939 322 4033 ipsius
355 3941 473 4013 llcmae
500 3940 696 4017 commoda·
710 3941 767 4016 uel
785 3940 950 4036 ,gloriam
981 3945 1037 4017 vel
1066 3946 1263 4023 vanitatem

175 4230 181 4258 ¹
201 4225 245 4286 De
261 4222 325 4302 Ira,
341 4223 370 4286 5.
433 4234 435 4239 ’
643 4261 645 4265 >
764 4232 774 4262 ²
789 4235 906 4296 Festus,
1041 4304 1044 4311 Ι
