2926 4934
690 814 772 886 VII.

168 1081 353 1134 HUMANUM
386 1082 493 1133 INTRA
534 1082 665 1133 MODUM
700 1080 897 1133 REDIGITUR
928 1080 1004 1130 TUM
1038 1080 1188 1146 TIBERII,
1223 1078 1299 1128 TUM

216 1231 467 1299 ROMANORUM,
514 1232 584 1280 PER
631 1230 852 1282 Posr‘nnlona
901 1228 1135 1280 PRINCIPATUS
1184 1227 1299 1277 ILLIUS

214 1379 402 1445 TEMPORA,
439 1375 691 1427 PERVERSITAS.

212 1677 283 1750 lila
303 1701 372 1750 non
393 1684 579 1748 contentus
599 1679 768 1766 omisisse,
788 1701 867 1773 quae
885 1677 1097 1749 civilitatem
1119 1683 1155 1746 et
1173 1677 1296 1749 huma-

163 1826 311 1897 nitatem
325 1848 508 1921 nunquam
523 1825 666 1896 omnino
682 1850 703 1896 a
720 1824 858 1896 Tiberio
874 1832 1001 1895 exutas
1013 1846 1085 1894 esse
1100 1830 1292 1912 testantur,

163 1979 301 2042 atroces
317 1978 352 2042 et
378 1979 543 2043 cruentas
570 1971 677 2044 Urbis
701 1994 756 2042 res
782 1971 927 2043 Tacitus
952 1970 1005 2040 ita
1034 1969 1229 2063 composuit
1254 1980 1296 2041 ut

161 2119 277 2212 ipsum
303 2119 341 2188 in
368 2117 570 2211 Principem
599 2118 738 2189 invidia
767 2125 821 2188 tat
862 2118 1032 2188 scelerum
1063 2117 1292 2207 redundaret,

162 2273 271 2360 utque
286 2253 457 2359 praeterea
474 2265 623 2336 Romani
642 2264 845 2335 foedissimis
864 2263 965 2335 mado
980 2264 1095 2335 causis
1105 2290 1166 2358 per
1186 2265 1297 2337 caedes

163 2436 203 2484 ac
222 2413 351 2484 dehine
369 2412 406 2483 in
431 2410 615 2482 servitium
642 2412 737 2481 ultra
766 2411 926 2482 devoluti
954 2411 1173 2483 viderentur.

211 2712 306 2782 Dum
325 2711 437 2804 igitur
450 2709 549 2783 illius
566 2711 847 2800 immanitatem,
864 2712 989 2782 horum
1011 2711 1221 2805 nequitiam,
1236 2733 1298 2803 per

156 2881 210 2947 se,
229 2855 364 2928 hercle!
388 2857 475 2928 satis
490 2858 738 2949 exsecrandae,
754 2861 919 2932 veritatis
936 2862 1032 2933 iutra
1044 2860 1187 2932 modum
1197 2846 1314 2933 redu-v

163 3027 238 3077 cere
250 3003 326 3095 jam
336 3027 456 3097 pergo,
470 3003 619 3076 fortasse
636 3028 743 3097 cogar
754 3004 798 3076 de
810 3005 967 3077 victimis
979 3005 1054 3077 illis
1066 3005 1211 3094 Tiberii,
1222 3012 1297 3077 tam

161 3149 306 3246 inclytis
323 3150 513 3245 plerisque,
535 3175 666 3246 perque
683 3153 777 3246 ipsas
792 3176 972 3247 aerumnas
991 3153 1096 3224 valde
1120 3141 1295 3226 commea·

162 3298 270 3388 datis,
289 3297 385 3369 maia
399 3297 561 3392 quaedam
581 3306 644 3370 aut
659 3299 780 3393 turpia
793 3299 950 3371 confiteri
966 3302 973 3371 i
997 3299 1162 3373 Obtestor
1176 3309 1295 3373 tamen

163 3470 206 3519 ue
225 3443 348 3516 statim
367 3467 527 3538 respuar,
555 3453 728 3540 tanquam
747 3446 891 3518 illorum
921 3470 992 3518 uon
1021 3446 1194 3519 absimilis
1217 3446 1293 3541 qui,

163 3591 360 3662 necessaria
378 3590 573 3664 identidem
593 3593 726 3665 scelera
751 3616 824 3665 esse
848 3594 1094 3688 praedicantes,
1124 3602 1295 3690 tyranno-

162 3760 242 3810 rum
260 3739 427 3810 victimas
452 3739 581 3812 iterum
608 3741 677 3836 ipsi
696 3749 869 3831 mactant,
904 3750 941 3815 et
967 3741 1142 3815 saevitiam
1161 3765 1296 3838 semper

164 3885 450 3971 abominandam,
468 3886 620 3981 publicae
640 3888 780 3977 salutis,
798 3888 878 3980 fati,
896 3889 1098 3984 divinaeque
1111 3890 1297 3984 providen-

162 4033 221 4104 tiae
254 4033 466 4105 auctoritate
490 4053 692 4107 consecrare
718 4059 790 4106 non
815 4045 995 4108 verentur.
1033 4037 1143 4110 Suum
1172 4061 1296 4134 nempe

164 4179 291 4275 cuique
309 4177 458 4250 historia
477 4180 622 4254 reddere
642 4182 771 4271 debet3
802 4183 861 4253 sed
880 4184 1132 4257 intestinarum
1155 4193 1295 4285 pertur-
