2926 4934
287 710 357 824 llll
397 712 593 832 rinno
636 727 799 868 oleon
841 726 1105 833 brunnon

673 1290 703 1358 Ι.

180 1528 286 1588 cunm
312 1531 493 1599 TnMPORn,
523 1531 593 1591 QUO
620 1532 732 1581 ANIMO
758 1529 903 1579 rasurus
930 1529 976 1578 Al)
1002 1524 1217 1578 scnlssnxnns

458 1679 590 1728 TIBERII
617 1679 682 1728 RES
710 1676 935 1729 ACCESSERIT.

181 1921 310 2011 Quum,
333 1922 486 2016 Trojano
505 1923 673 1996 videlicet
705 1923 821 1996 adhuc
839 1923 1079 2019 imperitante,
1101 1923 1259 2012 TacituS,

130 2069 295 2163 perfectis
307 2068 322 2162 j
328 2094 384 2142 arn
400 2071 534 2142 caeteris
549 2071 712 2165 operibus
728 2069 753 2161 ¹,
776 2070 820 2142 ad
835 2049 988 2143 Annales
1010 2069 1266 2166 componendos

130 2217 314 2309 ingenium
334 2216 521 2307 convertit,
548 2225 707 2288 extremo
729 2216 773 2288 de
803 2216 979 2310 Auguste,
1006 2204 1089 2290 mox
1115 2216 1262 2304 Tiberii,

131 2363 223 2456 Caii,
252 2364 395 2437 Claudii
421 2364 643 2459 Neronisque
677 2389 732 2437 res
760 2366 972 2456 traditurus
1001 2367 1106 2460 longe
1125 2367 1267 2438 diversa

132 2514 176 2584 ab
212 2504 286 2584 illis
315 2513 510 2607 primorum
542 2513 724 2586 Oaesarum
758 2515 977 2608 temporibus
1014 2521 1100 2586 atas
1134 2513 1265 2608 populo

130 2660 287 2732 Romano
316 2661 519 2754 agebatur:
547 2660 640 2732 nulli
667 2659 763 2732 enim
787 2684 947 2756 unquam
979 2661 1139 2755 Principi
1167 2685 1265 2754 euque

129 2831 170 2879 ac
190 2805 344 2900 Trajano
367 2808 566 2902 contigerat
584 2808 702 2879 omnia
721 2808 885 2881 invenire
903 2809 1084 2903 aptissime
1103 2807 1147 2879 acl
1165 2831 1264 2878 secu-

127 2957 270 3028 ritatem
296 2955 580 3050 libertatemque,
611 2955 682 3027 imo
708 2956 753 3027 ad
773 2957 925 3049 gloriam
947 2955 1140 3051 publicam,
1166 2978 1260 3026 com-

127 3100 272 3195 posita:
302 3096 424 3170 nullus
446 3098 589 3193 quidem
615 3099 738 3171 oblata
763 3107 962 3195 temporum
987 3099 1161 3172 felicitate
1185 3107 1261 3171 tam

127 3248 272 3320 solerter
292 3271 333 3318 ao
353 3245 539 3340 magnifice
563 3270 648 3318 usus
671 3257 736 3319 est.
764 3249 912 3320 Peracto
935 3272 1077 3344 nempe,
1105 3255 1185 3343 post
1207 3256 1262 3322 tot

126 3401 332 3465 mutuarum
353 3391 566 3464 insidiarum
590 3416 718 3483 annos,
740 3394 949 3489 Principum
974 3394 1167 3468 certamine
1197 3419 1261 3489 pa·

125 3542 248 3614 tricias
274 3542 313 3613 in
337 3546 460 3636 gentes
482 3565 570 3636 quas
595 3541 727 3613 ueteris
752 3542 968 3638 Reipublioae
987 3543 1045 3638 pie
1074 3567 1256 3631 memores

126 3709 298 3759 novarum
321 3709 440 3758 rerum
464 3685 585 3758 odium
602 3694 824 3760 transversas
844 3688 1087 3762 indesinenter
1114 3714 1258 3785 compu-

125 3835 228 3925 lerat,
242 3832 375 3908 Urbem
388 3833 603 3929 Italiamque
616 3834 843 3932 municipalis
853 3837 1065 3932 impleverat
1080 3838 1259 3911 Nobilitas

125 4005 203 4076 quae
235 3981 436 4076 Principem
468 3979 735 4076 municipalem,
769 3990 811 4054 ut
842 4007 958 4074 suum,
996 3985 1165 4056 foveret:
1201 3986 1260 4056 hic

141 4328 144 4333 θ
168 4253 174 4283 ¹
192 4251 268 4314 Anu.
283 4250 334 4313 Xl.
709 4251 795 4330 Hist,
812 4254 833 4330 l,
850 4275 877 4314 2.
