2918 4920
581 286 688 366 smol·
702 312 884 363 rmnsruu
1254 292 1299 388 37

167 429 281 512 tinnis
296 434 493 534 'triumphis
512 425 1031 535 exercitassdeoep'eran‘t.'Non
1046 438 1123 532 jam
1141 427 1298 535 quidem,

159 574 559 684 'aooept'a'Philippensi
579 582 692 677 elade,
713 587 753 657 in
780 585 934 681 quietem
948 586 1143 680 publicam,
1162 583 1301 658 'collatis

162 728 290 834 signia,
319 734 376 809 illi
400 730 676 825 ¹inferebaritu‘m
708 735 767 807 sed
791 735 929 830 'apertis
951 718 1204 829 praeliistebtoe
1223 752 1302 805 suc-

165 864 345 956 o'riss'erant
373 853 655 976 conjurationes,
685 881 798 954 multo
823 882 936 975 magis
960 870 1209 976 Domino‘ipsi
1229 882 1301 954 for-

164 1018 372 1101 midandae:
394 1029 593 1105 domestica
613 1029 708 1123 apud
728 1008 926 1122 Optimates
940 1021 1050 1122 oopiae
1070 1022 1296 1122 supererant,
1330 1128 1332 1132 Ι

166 1176 408 1287 gladiatomm
436 1176 577 1248 soilioet·
600 1199 640 1247 ao
669 1184 849 1247 serrorum
875 1172 1050 1264 nationes,
1085 1174 1214 1270 quibus
1243 1199 1298 1247 re-

164 1328 272 1422 pente
293 1319 470 1412 immissis,
502 1322 760 1418 Capitolioque,
789 1317 951 1413 utolim,
972 1322 1118 1412 insesso,
1147 1323 1298 1394 oiroum-

166 1470 321 1545 ventare
340 1449 476 1562 ,Curia
510 1488 682 1543 summam
718 1492 835 1542 rerum
871 1473 1009 1543 vertere
1042 1477 1077 1542 et
1111 1471 1299 1543 immutare

175 1624 353 1717 poterant.
440 1596 442 1603 Ι
535 1717 538 1722 ¹

184 1786 190 1808 ²
211 1765 410 1861 Plagrabat
430 1764 512 1840 ante
532 1770 652 1840 onmia
669 1771 706 1840 in
726 1764 785 1840 his'
797 1770 998 1864 pectoribus
1016 1792 1116 1839 saera
1135 1758 1296 1862 quaedani

171 1910 373 2008 indignatio·
385 1907 558 1986 Patrioios
577 1915 614 1986 in
634 1915 720 1987 istos
739 1916 814 2010 qui,
834 1917 877 1986 ab
899 1917 998 1987 avita
1011 1916 1148 1986 ratione
1168 1905 1311 1985 demis-'³

166 2056 294 2150 tentes,
318 2068 462 2158 repente
480 2062 669 2157 populares
688 2060 789 2150 faeti,
817 2047 912 2134 aives
931 2075 1042 2134 novos
1062 2085 1102 2133 ao
1125 2061 1297 2134 semibar-

165 2211 265 2283 baros
285 2211 324 2282 in
340 2206 464 2282 urbem
483 2184 626 2297 Quirini
646 2211 732 2282 etin
754 2208 924 2282 Senatum
945 2209 1156 2282 effuderant.
1181 2205 1311 2297 Quam

168 2364 282 2428 autem
306 2358 539 2452 inexpiabile,
561 2381 669 2453 quam
690 2367 792 2430 atrox
817 2358 910 2429 illud
935 2357 1068 2443 odium,
1088 2356 1296 2430 testes'Sul-

168 2504 303 2578 lanaein
319 2504 418 2579 Villa
436 2506 586 2580 Publica
601 2507 724 2597 caedes,
747 2505 848 2578 testis
869 2508 891 2578 J
893 2506 959 2577 ulii
980 2506 1128 2581 Caesaris
1146 2508 1313 2610 obtrun-⁴

173 2652 280 2743 ratila!
312 2653 435 2742 Hune,
464 2653 595 2748 perfide
622 2655 667 2725 ad
692 2646 798 2748 pedes
824 2652 952 2751 Mopsi
972 2655 1130 2748 Pompeii
1162 2647 1294 2748 viginti

169 2800 276 2873 tribus
307 2802 516 2874 vulneribus
552 2801 769 2890 confossum,
796 2802 892 2925 ¹quia
928 2824 1073 2896 sperans
1104 2800 1295 2872 diuturnas

170 2926 323 3020 civilium
353 2949 523 3022 scelerum
554 2949 649 3047 vines
678 2972 778 3042 posse
809 2948 997 3020 elementia
1028 2949 1172 3021 tandem
1201 2950 1291 3040 sisti,

169 3062 350 3169 iictoriam
372 3097 466 3170 ultro
482 3120 581 3168 suam
596 3103 872 3191 temperaverat,
888 3096 1039 3192 [sibimet
1053 3097 1121 3193 ipsi
1140 3098 1294 3171 Caesares

172 3226 248 3317 ante
278 3245 400 3319 ooulos
440 3214 683 3316 indesinenter
699 3246 967 3340 proponebant.
990 3245 1036 3316 Et
1065 3270 1173 3341 quum
1208 3249 1294 3320 adeo

171 3366 348 3486 insignem·
370 3391 486 3462 virum
514 3416 595 3502 neo¹
613 3393 738 3488 patriae
773 3392 944 3488 pericula,
974 3395 1041 3466 tali
1074 3395 1294 3468 moderatore

171 3504 308 3631 spontis,
332 3560 405 3633 ¹neo
428 3538 499 3612 illa·
516 3538 627 3612 Tullii
647 3563 741 3632 uox,
773 3564 836 3635 pro
867 3541 1051 3614 Dictatore
1083 3544 1292 3616 Marcellum

170 3672 351 3760 revocante
363 3662 504 3760 veniam
519 3688 761 3782 efflagitantis,
784 3705 925 3762 servare
944 3691 1159 3787 potuissent,
1183 3718 1293 3789 quum

170 3835 241 3949 dein
268 3839 466 3932 Augustus,
497 3839 580 3912 lieet
605 3839 813 3935 plerumque
844 3841 954 3954 lorioa
973 3849 1009 3914 et
1038 3843 1294 3917 valentissimis

170 3987 283 4089 amieis
321 3994 442 4083 septus
456 3985 497 4079 ¹,
523 3986 628 4060 toties
661 3989 816 4095 pugione
855 3991 988 4085 petitus
1027 3991 1169 4095 fuisset,
1206 3992 1292 4092 quid

203 4311 210 4342 ¹
228 4313 310 4374 Suet.
323 4311 479 4392 inpastus.
490 4347 527 4358 -
538 4311 596 4373 Dio
612 4313 696 4376 Cass.
753 4314 856 4392 XLVI,
870 4335 901 4399 p.
918 4317 988 4391 321,
1003 4315 1033 4379 6.
