2926 4934
241 257 287 337 do
704 271 751 321 nn
777 271 932 323 ruerro·

240 400 340 492 plum
359 399 396 469 iu
419 406 596 491 posterum
615 396 793 486 ederetur,
805 395 981 490 -quodque
996 395 1034 517 in
1061 395 1136 469 dies
1160 395 1386 489 efflorescens-

243 541 446 619 Germauici
462 540 591 614 bellica
605 540 684 612 laus
698 539 887 634 prateritae
901 539 1034 613 Tiberii
1048 540 1170 635 gloria
1180 540 1396 637 officiebat...

242 692 316 769 Nec
335 714 417 765 vero
442 689 609 762 amulum
628 711 732 760 suum
745 755 748 759 ,
759 687 817 760 hie
837 688 1246 783 speraredebuit-taeila
1264 689 1389 784 impes

242 838 335 910 rium
357 832 504 909 alterius
529 837 763 909 toleraturum
775 859 784 922 ;
806 843 931 910 tantus
949 836 1077 910 victori
1097 837 1252 913 Arminii
1282 839 1377 933 apud

244 994 415 1088 populum
442 993 623 1087 sociosque
650 992 766 1081 favor,
799 999 874 1063 tam
907 1000 1051 1088 accepta
1083 993 1207 1067 multis
1236 993 1386 1067 familia-

244 1139 333 1233 ejus,
366 1165 444 1234 qua
470 1140 611 1211 civilem
642 1140 801 1213 animum
827 1147 863 1212 et
881 1140 1095 1230 castitatem,
1124 1143 1181 1218 vel
1200 1144 1388 1238 corruptis·

245 1274 449 1374 verendam,
477 1293 671 1359 ostentaret
683 1308 699 1374 3·
728 1294 803 1357 tam
831 1287 961 1359 validae
993 1287 1033 1359 in
1062 1312 1177 1362 manu·
1205 1288 1390 1386 legionem*

246 1460 335 1530 quae,
358 1460 419 1530 per
439 1436 534 1506 bella
553 1435 676 1507 civilia
694 1435 889 1509 ditescendi
909 1438 1047 1532 copiam
1062 1437 1138 1530 jam
1156 1464 1226 1512 non
1245 1441 1393 1514 haben·

245 1591 313 1672 tes,
339 1584 413 1655 tale
437 1583 702 1672 detrimentum,
724 1584 907 1679 Principes
919 1586 1202 1659 extollendovel·
1220 1590 1380 1661 subvers-

245 1729 365 1818 tendo‚
398 1739 501 1802 erant
533 1695 745 1825 pausatura.
778 1732 869 1824 Ergo
899 1724 1100 1807 Germanioi
1130 1732 1383 1830 libertatisque·

244 1879 399 1951 reditum
432 1879 524 1950 olam
554 1879 771 1972 parantibus,
795 1879 929 1969 multis,
959 1881 1123 1975 pluribus
1139 1882 1376 1976 optantibus,

204 2001 206 2006 ¹
247 2024 537 2116 exspectantibus
560 2024 750 2114 universis,
773 2025 913 2098 Tiberio
932 2026 1096 2122 princeps
1121 2029 1219 2099 locus
1237 2027 1389 2099 demum·-

247 2169 473 2259 oommodari,
505 2194 546 2241 ac
574 2170 822 2244 brevissimum
854 2172 996 2266 quidem
1011 2208 1014 2217 ¹
1028 2173 1073 2245 ad
1099 2180 1252 2269 tempus,
1278 2175 1380 2250 vide<

246 2315 375 2387 batur„
435 2361 437 2364 ⁴

296 2465 400 2536 Hane
418 2466 492 2559 ipse
510 2488 628 2536 rerum
641 2464 874 2536 mutationem
888 2463 1120 2558 praesentiens
1136 2465 1379 2561 ingruentem,

248 2611 394 2683 minime
407 2611 613 2683 simulatam
628 2611 891 2683 cunctationem
909 2611 1121 2705 praeferebat
1127 2636 1139 2703 ;
1156 2613 1287 2709 quippe
1302 2616 1379 2710 qui,

249 2761 305 2832 vel
326 2767 487 2853 suscepto
506 2759 648 2853 imperii
676 2783 792 2847 onere,
822 2767 1003 2853 receptum
1029 2759 1097 2832 sibi
1127 2759 1172 2831 ad
1197 2761 1395 2854 priuatam-

248 2910 486 2982 eonditionem
516 2906 692 3001 sapientia
718 2929 825 3000 quam
857 2908 1011 2979 maxime
1035 2908 1186 3002 provida
1217 2909 1282 2981 diu¹
1309 2933 1382 2982 ser-

249 3057 390 3129 vaverit
406 3056 430 3128 ¹.
463 3024 537 3128 Ima
564 3081 633 3128 nan
659 3055 936 3128 dominationem
965 3055 1081 3146 mode,
1107 3056 1172 3128 sed
1202 3063 1239 3127 et
1267 3057 1381 3130 vitam

248 3231 350 3296 suam
368 3205 524 3278 inimicis
541 3228 759 3300 praegravem
773 3212 887 3294 ratus,
905 3228 976 3276 non
997 3228 1032 3278 se
1048 3204 1153 3276 aliter
1170 3212 1288 3277 tutum
1305 3207 1396 3278 fore-

250 3355 419 3450 speravit‚
454 3379 560 3449 quam
595 3354 624 3426 si
651 3354 858 3428 valetudine
890 3353 1089 3427 imbecillus
1119 3376 1272 3450 moxque
1305 3378 1381 3427 mo·

250 3505 385 3575 riturus
404 3501 705 3577 existimaretur2.

298 3793 352 3863 Ne
371 3793 444 3864 suis
462 3793 606 3888 quidem
623 3799 748 3864 contra
766 3790 845 3864 illos
865 3792 1085 3866 adversarios
1101 3793 1208 3865 fidere
1225 3801 1378 3887 poterat,

252 3965 360 4035 quum
378 3941 452 4034 ipse
467 3941 574 4032 filiun,
599 3942 747 4031 DrusuS,
772 3941 913 4035 ingenio
938 3936 1116 4014 violentus
1141 3949 1176 4012 et
1204 3940 1249 4012 ad
1269 3926 1382 4036 as'per-

295 4281 772 4368 ¹raoeass.avrr,p.e⁰s,o.
886 4254 1348 4374 massaritiarum
