2926 4934
539 252 643 304 crasa
669 253 842 307 rnrsruuu
1210 255 1253 324 91

128 399 270 474 prorsus
299 400 372 451 sese
402 401 458 451 res
488 378 656 452 habuere.
687 379 873 454 Delatores
903 378 973 467 illi,
1008 377 1084 474 qui,
1118 377 1259 450 nomine

129 523 457 621 Quadruplatorum
480 525 564 600 olim
590 526 690 617 dieti,
720 533 874 599 veterem
894 525 1165 619 Rempublioam
1180 531 1259 596 tur·

127 672 212 744 bare
248 671 461 770 jampridem
499 681 778 762 consueverant,
814 672 1028 746 certantium
1061 672 1259 747 factionum

127 825 282 893 oratores
321 826 460 892 erant:
498 819 648 893 aliterne
682 821 802 916 potuit
834 821 978 893 evenire
1014 828 1057 891 ut
1092 820 1188 892 leves
1224 828 1260 894 et

124 964 300 1058 ignobiles
328 966 580 1062 plecterentur,
610 964 696 1038 dum
721 967 877 1040 maxime
907 967 1103 1057 formidati,
1136 936 1260 1041 multis

125 1119 163 1185 et
180 1110 387 1206 justissimis
405 1112 548 1210 quidem
566 1112 656 1185 odiis
676 1114 923 1205 circumventi,
944 1114 1015 1186 sara
1033 1122 1153 1186 tamen
1172 1137 1260 1186 mor·

123 1261 193 1334 turb
213 1260 269 1358 (ut
284 1262 395 1336 atroci
410 1262 596 1355 cujusdam
608 1287 729 1338 eorum
744 1287 828 1336 voce
841 1263 976 1360 utarll,
995 1261 1261 1360 superessent²?

75 1484 78 1487 ,
122 1407 185 1482 llli
215 1409 347 1503 priseos
378 1408 594 1503 Reipublicae
628 1434 740 1482 mores
770 1412 984 1484 exercebant
992 1437 1002 1502 ;
1037 1412 1094 1484 illi
1127 1413 1260 1507 priscas

120 1555 149 1630 F
151 1554 207 1629 ori
226 1558 445 1653 peragebant
463 1556 502 1631 in
522 1557 634 1630 Curia
653 1558 899 1632 contentiones
907 1557 934 1648 ⁵,
957 1583 1027 1631 non
1048 1560 1134 1633 adeo
1152 1585 1260 1656 quon-

124 1700 224 1804 daln'·
236 1704 278 1773 ab
306 1708 449 1776 auctore
473 1700 619 1798 Dz‘ulopz'
641 1703 858 1797 improbatas
888 1709 951 1775 aut
976 1703 1170 1798 despectas.
1201 1704 1261 1778 Oi·

124 1849 214 1925 vilia
235 1856 354 1921 autem
374 1848 571 1923 certamina
588 1873 745 1922 summus
766 1849 861 1944 apud
881 1873 944 1921 nos
961 1857 1038 1922 tum
1056 1849 1258 1940 historicus,

117 2003 201 2085 tum
219 2003 335 2090 pocta,
349 1994 432 2088 jure
446 1995 540 2068 dixit
554 2021 625 2068 non
645 1996 838 2069 libidinum
854 1998 970 2089 modo,
989 1998 1049 2070 sed
1063 1999 1258 2093 praesertim

123 2141 309 2241 afflatorum
347 2141 533 2215 certamina
565 2140 660 2214 essel
693 2166 701 2214 :
735 2168 814 2238 quae
845 2168 956 2240 quum
991 2152 1066 2218 tam
1101 2148 1260 2241 amplum

123 2291 295 2367 scelerum
323 2297 536 2386 proventum
567 2292 691 2364 afferre
725 2293 874 2382 soleant,
908 2293 1079 2366 scelerum
1114 2296 1260 2367 illorum

123 2424 248 2516 causas
274 2439 392 2514 minus
420 2439 675 2514 erubescendas
702 2464 772 2512 non
800 2440 921 2531 celari,
952 2441 1118 2513 humanae
1141 2442 1260 2537 digni-

65 2678 69 2684 ,
122 2587 211 2667 tatis
224 2587 391 2677 multum,
414 2594 450 2659 et
467 2589 648 2685 aequitatis
662 2588 838 2671 historicae
855 2588 1051 2685 plurimum
1070 2590 1256 2662 intererat.

172 2885 258 2974 Qua
302 2888 432 2956 cuncta
466 2889 650 2978 reputans
687 2882 828 2953 demum
862 2880 1044 2975 intelliges
1081 2874 1261 2954 infelicem

121 3032 228 3106 illum
238 3031 473 3111 discordantis
489 3029 703 3126 inexpiabili
723 3029 899 3131 violentia
914 3029 1038 3124 populi
1052 3030 1257 3120 Praesidem‚

123 3178 366 3274 pavefactum,
389 3177 585 3266 irritatum,
616 3175 661 3246 ad
687 3198 728 3246 ea
754 3174 900 3246 tandem
924 3174 1145 3248 descendisse
1171 3175 1259 3247 faci-

124 3350 213 3399 nora
241 3351 332 3423 quae,
363 3350 425 3421 per
443 3326 560 3421 prima
575 3323 651 3416 jam
671 3323 876 3419 periculosae
896 3323 1064 3417 potentiae
1101 3331 1262 3420 tempora

122 3475 366 3570 praesentiens,
401 3474 601 3544 horruerat.
642 3472 722 3544 Non
759 3471 853 3542 enim
891 3493 999 3561 vana,
1024 3495 1093 3544 non
1126 3474 1261 3568 perfida

125 3622 354 3716 jactabantur
373 3621 578 3716 incipientis
596 3619 729 3697 Tiberii
749 3620 870 3707 verba,
892 3618 979 3721 dum
994 3626 1177 3692 revocaret
1195 3621 1261 3692 Pa-

168 3918 276 3979 ¹Pline
305 3919 332 3978 le
357 3915 460 3998 jaune,
489 3915 550 3998 Ep.
585 3919 606 3992 l,
637 3915 665 3977 5.
759 3917 940 3999 ³ln1piaque
955 3918 985 3978 in
1001 3918 1099 3978 medio
1112 3936 1263 3998 peragun-

125 4025 189 4086 Mat
201 4024 239 4084 de
251 4023 359 4084 Metius
373 4023 479 4100 CaruS,
491 4027 666 4084 accusataur
717 4029 767 4083 tnr
781 4024 860 4084 bella
874 4025 987 4085 Senatu
1001 4021 1162 4104 (Juvdnal).

126 4132 164 4192 de
180 4128 337 4206 Sdndcicn,
353 4130 371 4191 a
385 4128 528 4213 Regulus.
656 4146 658 4153 ·
759 4129 967 4206 ‘hamartina
991 4129 1059 4190 Har
1087 4129 1136 4191 des
1156 4130 1261 4192 Giron-

168 4236 178 4267 ²
194 4237 269 4296 Ann.
286 4236 337 4312 lV,
353 4235 402 4313 36,
526 4233 528 4236 ’
718 4237 795 4299 dias.
