2926 4934
582 315 685 368 mnan
710 316 886 366 amanium
1256 292 1300 389 75
1336 347 1340 355 .

169 451 379 547 indignatur
387 474 402 542 ²;
423 452 581 526 sic-anni
605 474 701 525 xxxv
722 476 777 525 res
795 452 1007 542 traditurus,
1038 453 1135 526 Urbe
1157 452 1299 538 omissa,

168 600 362 675 divertitur
380 602 424 674 ad
443 603 662 693 Armeniam,
685 603 780 675 unde
799 626 882 675 mox
898 603 1044 675 Romam
1070 601 1297 697 regrediens:

171 746 309 839 «Haec,
338 747 472 844 inquit,
501 749 641 822 duabus
668 751 852 822 aestatibus
877 757 988 844 gesta,
1016 747 1202 842 conjunxi,
1230 771 1299 844 quo

170 893 351 966 canimus
386 918 408 966 a
444 895 645 969 domesticis
679 897 784 968 malis
819 894 1136 991 requiesceret¹.a
1173 895 1298 990 Atqui,

166 1042 264 1113 mala
280 1041 356 1114 illa·
369 1041 611 1116 domestica-si
629 1046 804 1140 requiras,
829 1066 1022 1140 paucorum
1041 1043 1144 1115 modo
1161 1067 1301 1116 reorum

165 1190 322 1286 reperias
346 1192 470 1282 exitia,
493 1216 571 1287 quac
595 1216 639 1264 ne
658 1193 732 1287 ipse
752 1192 895 1288 quidem
911 1192 1056 1265 Tacitus
1077 1200 1140 1263 aut
1159 1193 1297 1287 iniqua,
1387 1229 1389 1232 ·

166 1345 229 1408 aut
249 1338 295 1408 ad
313 1339 493 1411 Tiberium
510 1340 696 1411 referenda
717 1340 929 1411 contendere
955 1362 1061 1410 ausus
1080 1346 1145 1410 est.
1159 1337 1301 1432 ¹Super·

165 1492 252 1555 sunt
270 1509 351 1579 ergo
378 1487 464 1558 anni
493 1488 652 1581 quinqua
687 1487 953 1583 (xxm-xxxin),
992 1486 1233 1557 delationibus
1261 1509 1303 1556 ac

165 1629 319 1702 caedibus
337 1632 441 1726 longe
460 1632 716 1723 funestissimi3
740 1633 800 1704 sed
822 1633 887 1704 has
906 1633 1025 1704 sordes
1050 1633 1163 1704 multo
1181 1632 1302 1704 minus

83 1780 88 1786 ’
165 1775 370 1851 crudelitati
409 1779 584 1874 Principis
617 1803 724 1873 quam
754 1779 910 1873 ipsorum
950 1772 1082 1851 civium
1101 1779 1301 1851 -furoribus

166 1925 417 1996 adscribendas
435 1949 531 2014 mox,
550 1926 724 2019 ut'sper0‚
744 1925 942 2020 apparebit.

157 2078 160 2085 Ι
213 2108 236 2179 J
240 2131 296 2178 am
320 2131 402 2178 vero
422 2116 475 2179 tot
495 2077 773 2197 accusationum,
802 2115 857 2179 tot
874 2108 1147 2180 damnationum
1175 2132 1301 2180 narra-

163 2257 296 2327 tionem
318 2257 436 2326 minus
455 2279 534 2326 curn
559 2254 728 2326 historica
748 2255 816 2326 fide
835 2264 871 2327 et
890 2232 1069 2350 aequitate,
1093 2281 1198 2350 quarn
1220 2279 1300 2328 cum
1366 2256 1371 2264 ’

165 2401 322 2473 oratoria
363 2400 567 2494 eloquentia
608 2409 644 2472 et
675 2384 737 2495 per
774 2410 866 2474 artes
904 2400 1050 2496 tragicis
1087 2403 1199 2497 poetis
1238 2393 1301 2475 aut

99 2538 103 2546 ’
164 2550 363 2623 forensibus
383 2550 570 2652 causidicis
598 2535 791 2641 concessas,
819 2551 963 2622 Tacitus
991 2542 1179 2623 tractavit
1206 2550 1240 2623 N
1243 2576 1299 2623 am

164 2698 284 2769 studia
304 2697 427 2768 civilia
458 2696 631 2792 quaejam
653 2697 945 2769 adumbravimus
969 2705 1004 2769 et
1030 2699 1160 2793 quibus
1180 2679 1301 2772 omnes
1384 2769 1385 2774 ,

162 2852 249 2915 tunc
265 2846 476 2937 agebantur,
491 2845 761 2939 praetermittere
777 2846 866 2916 solet
874 2869 883 2935 ;
902 2846 1125 2923 saevientium
1141 2847 1301 2942 pericula

163 3015 371 3093 reorumque
403 2990 562 3078 infensas
589 2991 813 3086 Principatui
839 2993 933 3064 vires
962 2999 1127 3065 attenuat
1136 3017 1147 3082 ;
1178 2980 1300 3066 rursus

164 3148 282 3210 autern
302 3138 435 3211 Tiberii
465 3139 779 3234 ministrorumque
806 3138 917 3228 dalea,
944 3147 1122 3211 tormenta
1150 3140 1299 3213 damna-

162 3264 280 3357 torum
311 3295 346 3356 et
375 3310 604 3380 quaecumque
641 3286 904 3358 miserationem
935 3294 998 3358 aut
1025 3286 1115 3359 iram
1140 3294 1298 3372 ‚commo-

106 3487 114 3498 .
164 3408 244 3503 vere
264 3433 400 3521 valent,
423 3457 530 3527 quam
550 3432 770 3504 vividissime
788 3433 957 3527 eulnimit
979 3458 986 3504 :
1008 3443 1183 3507 monstrat
1204 3415 1299 3510 enim

164 3591 246 3652 ante
277 3581 396 3651 omnia
430 3577 599 3672 Sejanum
628 3581 865 3653 dominationi
891 3578 1092 3655 inhiantem
1112 3593 1149 3670 et
1180 3555 1224 3657 ad
1245 3612 1299 3658 su-

163 3729 359 3799 bruerrdam
382 3726 583 3799 Germanici
604 3729 747 3800 domurn
767 3730 877 3800 variis
897 3730 1105 3802 criminibus
1125 3733 1298 3826 pravitati

163 3876 339 3970 Principis
365 3872 629 3970 ad1·epentem²‚
665 3877 770 3947 simul
809 3863 1064 3950 circumretitos
1091 3878 1297 3977 Agrippina

203 4239 498 4318 ¹n11n.vl‚31‚38.
792 4242 894 4304 ²Ann.
911 4243 962 4321 lV,
977 4263 1006 4324 7,
1026 4267 1072 4329 1a.
1162 4317 1166 4341 ι
