2926 4934
163 264 209 334 itti
635 284 682 332 uu
708 278 833 331 'moire

160 410 399 506 temperantia
428 409 477 506 (iel
501 409 596 480 enim
622 414 755 502 septem
780 428 842 502 per
868 427 979 477 annos
1002 403 1166 476 omnibus
1191 401 1300 475 credi-

161 557 269 653 tum),
292 556 448 652 periisse,
469 556 530 628 sed
549 579 685 629 veneno
706 554 800 650 quod
818 553 917 627 ilaus
932 552 1073 629 Liuillae
1090 559 1125 626 et
1145 549 1301 627 adulteri

165 702 286 796 Sejani
304 709 585 798 comparaverat.

212 853 312 925 Tunc
335 875 418 923 vero
440 851 550 924 Drusi
570 857 685 945 pater,
708 854 884 944 comperto
908 871 945 920 se
960 848 1100 941 tamdiu
1125 871 1146 918 a
1173 845 1301 943 Sejano

165 999 342 1091 delusum,
363 1023 467 1094 quem
484 1022 580 1071 nuno
595 998 703 1070 etiam
717 1001 871 1092 putabat
884 996 952 1069 sibi
964 997 1073 1069 fidum
1088 995 1302 1092 aliquantis-

164 1174 227 1245 per
246 1148 366 1236 fuisse,
388 1155 560 1242 reputans
579 1171 615 1219 se
634 1147 774 1220 insidiis
793 1147 974 1220 irretitum
998 1171 1134 1241 semper
1153 1145 1299 1235 vixisse,

167 1320 208 1368 ac
233 1319 278 1367 ne
305 1318 417 1366 unum
457 1293 600 1390 quidem
626 1293 805 1366 hominem
837 1318 920 1368 vere
947 1295 1002 1367 sui
1031 1300 1210 1365 amantem
1237 1292 1303 1363 ha-

166 1441 296 1530 buisse,
333 1439 419 1512 adeo
448 1439 584 1512 exarsit
615 1447 651 1511 et
681 1447 800 1512 mente
820 1447 944 1535 captus
970 1449 1034 1531 est,
1056 1448 1111 1530 ut,
1142 1440 1304 1535 quasise

166 1588 316 1661 infensis
338 1587 469 1681 gladiis
493 1567 652 1682 undique
680 1589 858 1659 obsessum
891 1588 1040 1678 videret,
1066 1587 1144 1680 jam
1168 1587 1304 1662 nullius

167 1737 354 1831 tormentis
375 1744 438 1807 aut
455 1735 627 1831 supplicio
647 1735 843 1831 pepercerit
857 1735 881 1807 ¹.

221 1886 321 1958 enea
340 1885 443 1956 enim
460 1907 500 1955 ao
517 1882 631 1955 veluti
650 1882 811 1954 fanatica
829 1882 1022 1958 instinctus
1041 1885 1152 1974 rabie,
1183 1886 1241 1959 vel
1265 1887 1305 1958 in

189 2032 345 2103 maxime
370 2032 515 2103 intimos
543 2054 584 2101 ac
612 2030 799 2102 continuos
827 2003 983 2122 comites,
1005 2026 1130 2105 'vetere
1156 2057 1304 2107 consue-

166 2178 292 2251 tudiae
322 2186 422 2250 notos
441 2184 477 2262 et
496 2183 580 2248 ante
602 2177 704 2247 illam
728 2177 821 2249 diem
852 2178 997 2251 minime
1026 2189 1218 2275 suspectae,
1249 2183 1306 2255 de·

166 2327 286 2416 saevit3
308 2333 395 2397 tunc
415 2325 568 2397 caedibus
587 2324 697 2396 caedes
716 2325 893 2416 cumulat}
915 2335 1003 2398 tune
1014 2328 1187 2422 sanguine
1198 2353 1305 2423 rupes

166 2473 249 2545 illas
286 2473 438 2568 complet
470 2497 573 2568 quas,
603 2481 735 2546 natura
772 2473 915 2568 quidem
944 2476 1212 2567 amoerflssimas,
1244 2478 1305 2549 sed

167 2622 337 2695 memoria
369 2623 405 2692 in
430 2628 603 2693 aeternum
623 2606 808 2714 deformes,
831 2624 1054 2696 nuncetiam
1075 2626 1307 2719 praeternavi-

167 2794 269 2865 gans,
290 2793 310 2839 a
328 2768 448 2840 nautis
466 2777 694 2861 monstratas,
711 2777 753 2842 ut
764 2771 919 2844 maxime
931 2772 1140 2844 exsecrandi
1155 2773 1304 2868 tyranni

168 2916 405 3005 carnificinas,
427 2916 547 2988 horres
563 2940 604 2988 ao
618 2917 764 3012 refugis.

216 3220 397 3295 Tiberium
417 3220 541 3315 igitur,
572 3222 677 3293 rebus
696 3222 849 3317 publicis
874 3223 1053 3295 intentum
1084 3247 1125 3296 ac
1151 3227 1309 3299 modeste

169 3392 272 3462 agore
291 3368 504 3462 cupientem,
535 3369 631 3439 ultro
658 3368 846 3442 irritavere
865 3370 1059 3461 factiones3
1093 3395 1176 3444 mox
1206 3374 1307 3445 terri-

166 3525 245 3586 tum
277 3538 382 3611 seque
402 3515 648 3588 defendentem
666 3517 738 3588 illae
755 3517 793 3588 in
812 3515 914 3612 pejus
932 3525 1119 3591 mutavere
1141 3544 1148 3591 :
1171 3524 1307 3594 mutuis

168 3664 231 3734 ille
254 3666 493 3735 Romanorum
510 3663 604 3736 inter
631 3687 666 3736 se
692 3665 964 3737 colluctantium
989 3667 1079 3739 odiis
1099 3670 1200 3762 quasi
1228 3694 1306 3742 con·

169 3809 306 3898 vulsus,
332 3809 416 3880 dum
436 3810 596 3904 pericula
626 3810 777 3901 saevitia,
811 3811 896 3882 dum
924 3836 1027 3885 curas
1058 3815 1306 3909 voluptatibus

169 3960 311 4030 laborat
327 3957 514 4051 depellere,
537 3958 581 4030 ad
601 3959 712 4031 imum
732 3957 835 4029 illum
855 3960 1023 4053 nequitiae
1048 3985 1088 4033 ac
1113 3963 1305 4059 turpitudi-

211 4268 217 4299 ¹
237 4268 319 4329 Suet.
336 4268 425 4327 Lxll.
