2926 4934
170 267 215 339 50
633 291 677 343 on
702 290 827 343 memo

168 416 303 511 guendi
322 417 450 511 quod«
472 417 619 512 perinde
637 418 763 490 divina
781 417 1009 512 humanaque
1028 418 1211 512 obtegeret
1224 415 1233 462 ¹
1245 416 1299 489 lo

166 564 369 638 Prudenter
391 573 499 637 cauta
531 565 725 660 aliquando
743 565 969 638 insectatur:
1002 572 1232 661 corruptorne
1263 565 1303 637 li.-

165 713 316 786 bertatis
347 714 468 786 vocari
487 713 614 786 debuit
644 713 781 806 Caesar,
816 715 919 809 quia,
956 714 1099 808 praetori
1128 715 1300 806 assidens,

150 863 324 935 ‘omnium
350 860 436 953 jura
462 870 587 935 contra
616 885 813 957 paucorum
836 887 957 957 preces
982 860 1202 935 tuebatur2?
1225 864 1304 937 Ant

163 1017 338 1104 tanquam
356 1009 508 1081 callidus
522 1009 751 1104 inauditique
772 1007 865 1100 juris
880 1017 1038 1104 repertor
1054 1009 1196 1100 incessi,
1215 1010 1303 1105 quia

163 1157 347 1233 Nobilium
373 1180 430 1229 res
458 1180 569 1228 novas
597 1157 821 1229 molientium
851 1180 982 1248 servoS,
1015 1157 1127 1229 actori
1156 1157 1301 1252 publico

163 1307 399 1401 mancipatos,
436 1306 480 1378 de
517 1304 669 1378 dominis
700 1305 973 1398 interrogabat?
1009 1305 1187 1378 Videlicet
1223 1306 1303 1379 istis

162 1448 353 1528 Nobilibus
381 1454 660 1549 permittendum
687 1461 777 1543 erat,
806 1461 860 1543 ut,
888 1454 986 1525 intra
1007 1453 1217 1527 domesticos
1234 1477 1300 1548 pa-

161 1605 282 1693 rietes,
313 1603 386 1674 suis
417 1600 742 1675 Senatusconsultis
768 1601 933 1693 protecti,
962 1622 1089 1672 manus
1117 1623 1299 1675 servorum

163 1749 404 1830 armarentll·

212 1900 359 1996 Cunctis
372 1897 526 1993 denique
541 1897 673 1970 Tiberii
692 1896 891 1970 benefactis.
903 1857 1048 1990 aliquod
1064 1923 1081 1966 r<
1099 1896 1255 1971 Caveast
1278 1925 1295 1968 r

161 2048 338 2144 praeponit
370 2046 599 2119 sinistramve
641 2041 828 2138 subjungit
863 2044 1207 2139 interpretationem.
1243 2046 1300 2122 se-

163 2203 253 2267 natu
283 2216 409 2288 nempe
436 2194 597 2287 gentium
624 2190 782 2262 omnium
811 2188 909 2281 jura,
933 2191 1079 2283 foedera,
1110 2193 1300 2287 religiones

161 2340 275 2414 libere
290 2339 571 2434 introspiciente,
583 2338 710 2409 laudat
718 2338 862 2432 quidem
871 2361 1039 2433 magnam
1049 2337 1127 2430 ejus
1141 2339 1212 2410 diei
1228 2363 1302 2436 spa

163 2490 265 2578 ciem,
288 2488 348 2560 sed
365 2486 443 2579 jam
466 2493 657 2558 curaverat
677 2492 720 2583 ut
733 2509 825 2574 eam,
845 2493 1020 2580 tanquam
1035 2484 1179 2558 inanem
1204 2487 1300 2559 auti«

161 2637 311 2732 quitatis
330 2635 537 2730 imaginem,
566 2633 843 2730 sperneremusl.
878 2634 1022 2724 Caesari,
1054 2635 1149 2708 inter
1176 2635 1302 2706 acerri-

162 2808 239 2856 mas
256 2786 406 2856 Patrum
426 2783 683 2875 contentiones
706 2807 797 2878 saepe
816 2782 1087 2874 contradicitur,
1117 2805 1208 2878 saepe
1227 2783 1302 2855 obs

162 2930 340 3024 trepitur3
362 2930 469 3003 multi
485 2929 594 3000 etiam
618 2929 851 3019 contendunt,
884 2929 1051 3003 audiente
1078 2929 1168 3025 ips0,
1201 2899 1328 3024 posse

162 3077 239 3149 sine
256 3102 295 3150 eo
314 3102 469 3150 summas
488 3077 630 3172 imperii
648 3101 704 3150 res
720 3079 868 3149 tractari
879 3075 915 3166 53
942 3101 1008 3150 nec
1021 3079 1160 3173 requies
1179 3087 1301 3153 tamen

48 3278 54 3288 ·
163 3227 252 3322 quin
264 3225 454 3299 historicus
469 3225 681 3299 Senatorum
690 3224 893 3298 libertatem
908 3249 1121 3320 oppressam,
1139 3227 1303 3322 captivas

163 3377 308 3472 linguas
326 3374 503 3449 incusem.
539 3375 689 3447 Petrum
721 3382 880 3447 avetere
903 3376 1100 3470 Republica
1128 3378 1302 3451 stantium

162 3533 199 3594 et
233 3547 330 3596 nunc
361 3530 543 3617 corruptos
570 3546 684 3594 mores
710 3523 991 3618 increpantium,
1022 3524 1125 3618 quasi
1146 3520 1208 3597 aut
1232 3526 1302 3620 ipsi

162 3694 299 3765 semper
312 3671 447 3764 integri¹
463 3677 622 3763 agerent,
642 3677 706 3740 aut
720 3669 826 3764 culpa
842 3670 887 3742 ad
901 3671 1102 3767 Principem
1115 3673 1303 3746 referenda

164 3819 273 3907 foret,
290 3843 385 3890 nunc
403 3817 651 3890 simulantium
669 3839 733 3911 per
751 3817 954 3912 superbiam
973 3842 1009 3891 se
1028 3819 1094 3891 vili
1113 3819 1224 3894 Curia
1239 3832 1302 3894 rus

806 4074 817 4107 ⁴
832 4075 909 4137 Ann.
925 4075 974 4153 ΙΙΙ,
986 4073 1036 4136 60.

801 4183 812 4212 ⁵
829 4183 863 4259 ΙΙ,
882 4180 930 4258 35,
946 4182 995 4243 51.

800 4288 810 4318 ⁶
827 4290 874 4366 ΙΙΙ,
891 4289 924 4351 51
940 4312 946 4364 3
964 4292 984 4367 l,
1002 4309 1053 4369 573
1071 4289 1120 4365 ΙΙΙ,
1134 4288 1184 4351 65.
