2926 4934
504 336 509 344 ⁴
575 313 679 368 aanor
693 310 879 365 ›umnmon
906 333 909 341 ,
979 333 982 341 ,
1012 354 1020 376 ,
1250 292 1298 376 43

171 437 273 508 tinne
292 437 449 532 plurima
471 438 674 534 incipientis
692 437 825 511 Tiberii
846 445 1005 528 aota,··ex
1023 436 1218 523 nantuac
1237 445 1301 511 aut
1432 419 1435 427 ’

168 606 238 654 non
254 585 343 657 satis
356 584 554 677 intellecta,
576 593 641 660 aut
663 585 833 676 ridicula,-
859 593 923 657 ant
940 585 1101 679 improba
1116 603 1298 680 saevoque,
1326 629 1329 633 >

166 729 292 813 mirari
309 731 450 808 desines
467 741 517 806 et·
534 733 717 828 indignari
736 756 743 806 :
761 731 983 807 mendaciine
1003 730 1185 806 Tiberium
1204 730 1299 802 dam-

167 879 333 975 noverim
354 881 429 976 qui,
454 881 725 953 cunctabundus
743 880 861 957 adhuc
877 879 975 975 opud
998 881 1125 953 Patres
1146 878 1191 953 de
1215 868 1307 953 reeb-
1415 863 1417 868 ⁵

165 1026 298 1123 pienda
316 1029 400 1102 talis
413 1031 642 1126 Principatns
659 1030 768 1120 mola,
786 1030 927 1124 signum
940 1037 1062 1113 tamen
1077 1025 1304 1123 praetorianis·

165 1173 308 1267 etjussa
317 1177 543 1264 mereitibus,
558 1184 601 1250 ut
610 1177 822 1272 Imperator,
832 1174 985 1248 dederit¹
996 1175 1146 1248 iNonne
1154 1173 1310 1247 decebat

168 1321 299 1410 aeive,
316 1321 376 1416 qni
396 1328 474 1394 tum
489 1334 647 1394 summus
660 1331 756 1412 erat,
775 1321 883 1399 Urbis
900 1328 936 1394 et
948 1320 1054 1394 Orbis
1067 1342 1201 1415 pacem,
1224 1328 1298 1392 tam

165 1467 288 1540 multis
308 1466 621 1559 labefactantibus,
654 1472 791 1564 statim*
814 1467 1046 1549 abumari?
1072 1470 1200 1541 Jamne
1226 1468 1299 1538 avi·

163 1615 228 1689 dus
241 1615 391 1688 infensa
406 1615 610 1712 tyrannidis
624 1616 860 1710 judicabitur,
892 1616 954 1710 qui
973 1598 1092 1688 otiosae
1108 1615 1299 1710 venulique
1350 1704 1356 1731 ³

163 1763 289 1850 turbae,
326 1763 370 1834 ad
402 1786 509 1858 quam
538 1765 692 1858 turpiter
710 1765 956 1839 demerendam
973 1765 1157 1858 Augustus
1183 1786 1296 1858 nuper

167 1908 346 1981 damnosis
364 1911 615 2005 largitionibus
637 1934 717 1982 cum
735 1911 931 1986 Nobilitate
951 1870 1123 2001 cenabat,
1148 1911 1208 2004 jus
1227 1912 1297 1984 suf-

91 2141 95 2147 ,
162 2057 270 2152 fragii
296 2057 484 2130 abstulerit
498 2056 542 2130 ²?
564 2060 658 2132 Num
685 2057 886 2151 abjectioris
910 2059 1020 2131 animi
1044 2059 1225 2131 Tiberium
1244 2080 1297 2128 ar-

164 2205 318 2300 guerim,
350 2205 474 2277 titulos
498 2207 715 2301 honoresque
738 2212 959 2301 respuentem
982 2203 1016 2275 ³?
1048 2205 1123 2277 Imo
1149 2213 1297 2277 noverat

164 2353 307 2425 subesse
326 2352 526 2425 adulationi
539 2353 659 2424 dolum
673 2377 683 2443 3
707 2353 757 2424 sic
774 2353 797 2425 J
798 2352 913 2424 ulium
930 2351 1072 2447 publico
1092 2352 1172 2425 odio
1188 2374 1298 2446 quon·

161 2501 245 2573 dam
265 2501 373 2573 titisse
390 2501 591 2573 aPatrioiis
609 2500 785 2594 objectum
796 2500 824 2590 ⁴,
847 2525 912 2572 nec
930 2500 1096 2595 expedire
1112 2508 1188 2619 tam
1205 2498 1297 2569 invi·

160 2649 302 2720 diosum
339 2647 523 2740 fastigium
549 2648 738 2737 obtinenti,
775 2647 908 2719 nivium
938 2648 1074 2718 animos
1106 2645 1293 2739 splendore

161 2796 275 2868 nimio
293 2795 420 2866 laedere
441 2803 505 2867 aut
523 2796 666 2867 irritare
689 2819 696 2866 :
720 2795 849 2867 ideirco
864 2817 946 2866 suas
965 2793 1211 2889 occupationes
1228 2815 1297 2865 non

160 2940 308 3027 dionisus,
327 2940 387 3013 sed
401 2941 598 3031 laboriosus,
622 2941 870 3036 appetentibus
888 2942 1050 3013 eumdem
1065 2940 1181 3012 locum
1197 2948 1298 3036 optat

163 3088 280 3161 videri
295 3087 322 3159 5.
345 3088 539 3162 Militarem
557 3088 710 3183 denique
732 3096 943 3183 apparatum
963 3088 1066 3177 aulae,
1088 3111 1150 3183 per
1164 3089 1296 3191 Urbem

162 3244 199 3309 et
217 3237 256 3308 in
276 3236 416 3307 Palatio
431 3235 602 3330 explicari
625 3258 696 3306 non
714 3234 790 3327 jam
809 3235 929 3320 miror,
950 3258 1065 3328 neque
1097 3243 1297 3330 suspectum
1365 3266 1367 3270 ’

162 3382 340 3455 militibus
360 3390 445 3453 tuno
471 3381 579 3452 fuisse
605 3381 712 3452 istum
741 3383 942 3471 Haterium,
972 3381 1034 3477 qui
1055 3383 1296 3455 ambulantem

163 3528 408 3599 dominorum
432 3527 633 3622 Principem
652 3527 791 3599 adierat
818 3529 1053 3622 manibusque
1087 3529 1298 3623 impeditum

163 3675 412 3748 subverterat⁶
431 3699 438 3746 :
457 3675 554 3746 hunc
573 3675 748 3769 equidem,
773 3676 802 3746 si
824 3675 964 3747 Tiberio
984 3676 1085 3748 miles
1109 3676 1298 3771 advigilas·

206 3976 305 4035 'Arria
324 3975 343 4049 l,
357 3995 384 4054 7.
797 3974 900 4037 ⁵Ann.
929 3975 964 4048 11,
992 3972 1042 4055 87.
1059 4007 1097 4019 —-
1118 3975 1201 4037 Suet.
1233 3974 1296 4039 lto.

205 4081 309 4142 2Αηη.
327 4081 347 4156 l,
368 4080 412 4142 15.
755 4081 876 4144 XXVll.
991 4152 994 4159 ι
1254 4162 1256 4166 Ι

205 4190 216 4221 ³
234 4207 282 4268 72.
521 4174 524 4181 Α
787 4176 806 4219 '⁶
818 4188 897 4250 'Ana
913 4187 934 4263 l,
959 4192 1003 4253 13.
1122 4192 1125 4196 ’

207 4295 218 4328 ⁴
234 4295 290 4356 Dio
306 4297 389 4361 Cass.
402 4298 504 4375 XLIV,
512 4319 547 4385 p.
561 4295 630 4380 2:53,
645 4298 680 4357 D.
1261 4300 1266 4310 “
