2926 4934
235 242 256 308 8
447 269 454 293 ·
705 268 752 317 nn
778 265 903 319 nocuo

232 414 311 461 rum
332 397 447 478 curat,
469 390 631 468 homines
649 408 774 482 novos,
807 417 826 464 e
845 393 1050 489 municipiis
1069 402 1173 483 ortos,
1192 418 1276 475 ¹uon
1292 395 1368 477 sine

233 537 387 632 quodam
419 545 627 633 contemptu
644 541 772 635 sapius
794 540 984 622 memoratl
1005 566 1023 630 3>
1049 544 1187 636 plebem
1218 541 1370 636 deniqne

236 682 349 772 illam,
387 681 489 776 cujus
508 687 659 777 tutelam
685 711 761 775 aec
780 696 978 783 susceptam
1006 689 1248 783 predicabant
1279 689 1370 771 Julii

237 828 385 911 Caesaris
417 853 661 922 successores,
704 843 877 929 tanquam
903 835 1105 930 imperitam
1136 835 1371 930 vitiosamque

236 976 439 1066 colluviem,
478 977 725 1074 adspernatur¹
759 983 990 1078 Quicumque·
1006 1007 1069 1077 pro
1100 984 1217 1078 plebe,
1252 983 1368 1069 Italic,

236 1124 443 1219 provinciis
461 1133 586 1199 contra
609 1127 809 1222 optimates
832 1136 1018 1217 steterunt,
1041 1139 1083 1205 ut
1101 1129 1263 1219 Gracchi,
1291 1129 1370 1209 Ma-

237 1274 328 1362 rius,
353 1272 469 1345 cesar
497 1273 594 1368 ipse,
617 1299 675 1348 eos
690 1278 821 1350 -veluti
850 1277 1063 1373 perniciosos
1091 1279 1185 1351 cives
1212 1276 1371 1363 turbida.—

237 1445 387 1516 rumque
405 1422 632 1516 rogationum
653 1433 814 1497 auctores
833 1423 1064 1499 insectatur2.
1225 1392 1228 1403 Δ

288 1568 425 1654 Quibus
457 1568 635 1642 institutis
666 1571 828 1645 imbutus
859 1571 1008 1666 scriptor
1040 1595 1127 1645 num
1145 1577 1285 1666 poterat
1317 1593 1372 1641 res

238 1717 418 1791 Caesarum
437 1741 481 1790 ex
501 1743 584 1791 vero
605 1743 800 1791 memorare
829 1727 893 1791 aut
910 1719 1038 1797 saltem
1058 1720 1203 1807 intueri,
1238 1718 1371 1800 Tiberii

239 1822 408 1955 maxime,
429 1865 492 1958 qui
510 1872 565 1937 tot
583 1865 743 1939 illustres
762 1867 882 1939 domos
902 1867 1057 1939 coedibus
1075 1866 1284 1960 polluerat?
1302 1866 1372 1940 llas

239 2013 383 2109 quidem
414 2011 599 2085 Nobilium
632 2013 738 2101 vires,
773 2036 834 2084 eas
863 2012 1014 2087 insidias
1042 2013 1232 2092 invenerat
1261 2012 1372 2083 haeres

241 2161 395 2254 Augusti
419 2166 475 2251 ut,
496 2183 727 2256 quacumque
743 2161 936 2256 imperanti
956 2183 1018 2255 per
1037 2159 1191 2254 quietem
1217 2159 1370 2260 Trajcno

240 2311 445 2384 ueneranda
463 2310 669 2404 tuendaque
688 2309 804 2382 uideri
827 2317 1038 2404 potuerunt,
1079 2309 1217 2382 Tiberio
1255 2308 1374 2385 formi-

238 2459 360 2541 dolose
396 2465 440 2528 et¹
476 2457 738 2552 comprimenda
760 2465 911 2529 essent:
950 2457 1010 2529 sed
1047 2455 1145 2529 illius
1174 2463 1371 2550 temporum

240 2590 487 2700 discrepantiae
512 2606 688 2712 rationem
721 2629 862 2678 servare
889 2613 1023 2700 quanto
1052 2605 1194 2677 facilius
1225 2603 1372 2682 cuilibet

116 2851 119 2854 q
172 2720 198 2806 ¹-
240 2751 345 2822 hodie
364 2751 503 2842 viventi
532 2775 641 2847 quam
667 2751 846 2840 historico,
882 2751 966 2823 licet
998 2775 1145 2840 summo,
1173 2760 1262 2823 tuno
1291 2751 1372 2827 scri-

240 2896 367 2969 benti!
402 2895 579 2990 Principis
611 2904 780 2990 praetcrea
798 2920 912 2969 mores
942 2898 1149 2993 incomptos,
1184 2897 1371 2975 obscurum

244 3044 416 3134 animum,
450 3043 611 3136 adjutam
639 3043 827 3116 fraudibus
857 3043 1045 3133 saevitiam,
1073 3050 1187 3121 totam
1218 3043 1371 3136 denique

242 3190 377 3263 Tiberii
412 3189 569 3261 indolem
605 3213 724 3279 nonne
756 3189 944 3265 historicus
977 3197 1109 3279 noster,
1142 3196 1185 3271 ut
1212 3188 1372 3269 liberalis

242 3336 420 3431 comisque
457 3335 713 3419 dominationis
743 3344 893 3427 amator,
928 3361 1008 3421 cum
1028 3336 1141 3419 multo
1165 3320 1371 3429 contemptu

156 3515 159 3522 ·
244 3506 285 3554 ac
304 3483 517 3572 diffidentia,
540 3482 683 3556 horrere
703 3506 743 3555 ac
761 3506 938 3577 respuere,
967 3483 1025 3554 vel
1041 3482 1193 3572 invitus,
1219 3482 1371 3556 debuit?

290 3629 535 3723 Pulcherrima
554 3629 719 3723 denique,
741 3628 802 3720 sed
820 3652 861 3702 eo
880 3628 993 3721 magis
1012 3627 1214 3716 metuenda,
1228 3630 1371 3707 suberat
1442 3619 1445 3624 ’

243 3801 350 3848 ‹rausa
368 3800 432 3849 cur
449 3777 563 3857 multo
578 3775 824 3873 perfectiorem,
854 3781 896 3847 ut
913 3775 966 3847 ita
985 3775 1113 3864 dicam,
1146 3775 1278 3853 Tiberii
1296 3798 1371 3879 per-

243 3923 447 3993 versitatem
482 3921 550 3993 sibi
582 3922 677 3993 ultro
708 3920 852 3992 Tacitus
881 3920 1040 4014 fingeret.
1075 3920 1288 3993 Manifestus
1318 3929 1371 3993 est

286 4220 290 4250 ¹
309 4220 383 4282 rlnn.
400 4218 516 4299 111,48;
534 4221 583 4298 lV,
600 4224 627 4282 3.
876 4222 886 4253 ²
902 4224 978 4287 rlnn.
994 4227 1042 4302 lll,
1059 4245 1106 4306 25.
