2926 4934
249 261 295 333 30
713 277 757 334 nn
783 274 906 334 'mmro

250 410 402 505 quisset¹
425 437 458 498 1,
490 412 814 504 repenteomnium
844 410 992 493 animos,
1022 408 1132 479 veluti
1160 408 1260 499 signo
1283 396 1381 493 dats,

250 578 437 627 conversos
456 557 566 627 sensit
588 580 595 626 :
619 557 740 628 nullus
765 557 842 649 jam
862 580 943 628 eum
962 556 1140 644 invisere3
1174 555 1245 624 imo
1265 574 1386 623 omnes

250 701 425 790 devitare,
448 703 618 796 repellere
633 699 659 773 ².
684 702 802 788 Quum
817 703 892 796 ipse
910 669 1117 797 privignum
1136 726 1239 773 suum
1259 699 1386 772 Caium

170 947 173 952 Ι
252 848 439 940 Caesarem,
465 847 634 941 juvenem
664 848 804 921 Orienti
830 848 1057 944 praepositum
1074 854 1110 918 et
1129 847 1226 920 Sami
1245 869 1387 952 moran-

251 1001 336 1085 tem,
365 995 464 1066 adire
498 1020 538 1067 ao
564 997 728 1068 venerari
751 997 909 1090 occoepit,
949 996 1091 1066 sinistre
1123 975 1290 1086 suceptus
1321 998 1387 1081 est,

252 1148 426 1236 tanquam
454 1167 616 1238 supremo
645 1145 798 1216 Domino
828 1151 1021 1239 suspectus.
1057 1141 1185 1235 Ecquis
1214 1139 1391 1234 trepidam

254 1297 398 1360 enarret
423 1289 551 1381 vitam,
582 1314 689 1383 quam
720 1314 782 1383 per
810 1289 1007 1368 biennium,
1041 1287 1156 1359 ueluti
1185 1287 1389 1373 damnatus

254 1433 394 1524 habuit,
429 1434 513 1505 dum
542 1435 721 1507 custodem
751 1435 945 1528 quemlibet
975 1435 1080 1506 factis
1113 1433 1288 1528 dictisque
1321 1432 1394 1503 suis

254 1580 391 1652 frustra
410 1581 632 1676 efflagitaret,
663 1583 794 1654 dumve
813 1590 951 1654 statuas
970 1604 1064 1672 suas,
1090 1590 1264 1675 tanquam
1283 1577 1394 1650 hostis

252 1729 401 1821 publici,
428 1730 770 1803 aNemausensibus
796 1754 936 1804 eversas
957 1730 1109 1820 audiret,
1146 1737 1209 1800 eut
1237 1751 1273 1799 se
1298 1727 1393 1797 ludi-

252 1872 330 1947 brio
346 1883 382 1946 et
405 1878 644 1948 exsecrationi
664 1878 758 1972 apud
773 1877 926 1970 juvenes
945 1877 1100 1948 Oaesores
1126 1896 1212 1966 esse,
1246 1874 1332 1946 adeo
1352 1880 1394 1944 ut

253 2021 340 2094 Caio
361 2021 553 2094 familiaris
571 2024 731 2118 quidam,
759 2049 821 2118 per
846 2025 1064 2114 convivium,
1095 2022 1322 2116 polliceretur
1341 2043 1389 2110 se,

252 2169 443 2243 dummodo
452 2169 608 2263 juberet,
634 2199 650 2240 ι(
673 2179 782 2266 caput
792 2171 926 2243 exsulis
947 2199 963 2240 1
983 2169 1133 2263 jamjam
1147 2167 1395 2241 relaturum5?

254 2317 361 2408 Exin,
398 2319 488 2390 nihil
521 2315 591 2391 nisi
628 2319 818 2390 novissima
852 2326 1075 2413 exspectem,
1110 2341 1151 2388 oc
1181 2325 1314 2388 terrore
1348 2315 1394 2386 ad

253 2487 431 2535 summum
450 2463 633 2558 perduct0,
655 2487 775 2557 preces
793 2487 856 2557 pro
875 2463 1008 2553 reditu,
1034 2462 1239 2535 connitente
1263 2469 1389 2551 matre,

253 2609 413 2700 iteravit,
437 2634 478 2682 oc
496 2611 643 2683 tandem
663 2610 882 2705 impetravit.
975 2688 979 2695 ,

219 2802 252 2828 ··
307 2775 387 2864 Sed,
423 2775 596 2847 diuturno
629 2777 672 2847 ab
705 2775 769 2846 illo
805 2775 978 2869 supplicio
1016 2777 1162 2846 ltomam
1197 2793 1390 2866 regressus,

254 2942 365 3012 quum
379 2917 457 3010 jam
477 2942 611 2990 annum
631 2911 942 3013 quodragesimum
956 2927 992 2991 et
1007 2919 1203 2991 secundum·
1219 2917 1393 3012 explevis-

254 3074 320 3155 set,
346 3062 510 3136 hebitum
544 3064 655 3136 animi
684 3064 828 3136 funesto
856 3062 894 3134 in
926 3065 991 3135 illa
1021 3064 1141 3135 insula
1171 3069 1395 3135 contractum

206 3227 208 3232 “
256 3235 327 3284 non
342 3207 419 3302 jam
449 3234 578 3283 exuere
597 3219 739 3305 poteret
761 3234 768 3280 :
790 3210 923 3280 mansit
951 3209 1062 3303 igitur
1090 3209 1275 3281 hominum
1308 3209 1397 3282 diffi-

255 3360 341 3432 dens
374 3365 410 3430 et
436 3381 602 3451 spernax,
639 3357 743 3429 vultu
777 3379 818 3426 oc
841 3378 1000 3426 sermone
1026 3355 1188 3426 intentus
1218 3356 1323 3428 simul
1360 3367 1397 3429 ct

256 3507 437 3594 obscurus,
459 3512 497 3574 ct
510 3503 705 3597 praesertim
722 3503 864 3591 anxius,
886 3499 1059 3595 trepidus,
1081 3501 1199 3595 utqui
1216 3526 1252 3574 se
1273 3503 1393 3592 irrisu,

172 3748 173 3755 ἵ
255 3652 490 3742 contumeliis
523 3651 613 3724 odiis
632 3650 916 3722 circumventum
946 3647 1190 3721 indesinenter
1213 3660 1248 3722 et
1278 3653 1394 3722 obses·

260 3825 337 3873 sum
351 3798 599 3870 intellexisset.

300 4122 305 4153 ¹
324 4124 408 4184 Suet.
424 4119 475 4182 Xl.
895 4119 906 4149 ⁵
923 4118 1006 4178 Suet.
1023 4119 1101 4178 Xlll.

301 4227 311 4259 ²
328 4229 410 4290 Suet.
425 4227 490 4303 Xll,
506 4225 626 4286 XXXll.
944 4229 946 4232 ⁴
