2926 4934
562 302 664 358 cruos
691 300 866 357 amanium
1200 336 1202 340 Α
1227 296 1282 379 '17

159 433 245 505 lines
269 435 443 523 continet,
480 452 575 505 nuno
596 458 659 529 per
689 434 821 506 scelera
851 426 1067 528 prlecipltem
1100 430 1185 525 ugit.
1220 430 1288 503 Res

161 580 252 652 adeo
265 579 468 674 disjunctas
480 581 623 653 Tacitus
638 598 747 677 quum
762 580 972 652 verisimiles
983 578 1290 652 redderecouatns

160 727 218 818 sit,
251 729 489 801 nullctamen
524 730 611 800 artis
630 728 688 800 vel
704 726 953 822 sagadsslmae
968 729 1113 802 vinculo
1147 748 1292 801 connec

160 881 235 945 tere
253 874 394 968 potuit:
418 875 551 947 scilicet
567 875 680 947 sensit
692 874 883 947 historicus
897 875 976 971 ¹ipse
988 876 1170 948 Tiberium
1188 894 1291 948 suum

85 1067 88 1073 >
162 1021 254 1093 male
273 1021 346 1093 sibi
361 1030 534 1112 constare,
562 1024 614 1095 -cb
633 1014 727 1096 liade
743 1024 937 1120 praesertim
955 1024 1077 1117 Sejani
1099 1024 1291 1098 auctorita-

147 1139 233 1240 tem
251 1188 337 1263 quae
353 1169 476 1263 negari
507 1180 585 1241 non*
597 1177 762 1264 potuerat
782 1181 845 1244 aut
863 1172 1004 1246 reticeri
1020 1198 1030 1264 3
1058 1173 1159 1266 cnjus
1183 1180 1293 1268 quum

163 1317 409 1411 causantique
421 1317 602 1391 reddenda
615 1323 717 1409 esset,
733 1318 895 1414 confugit
908 1320 1052 1394 Tacitus
1068 1320 1291 1413 ad‘Fotum¹‚

165 1462 222 1533 oui
242 1461 348 1534 nimis
365 1463 481 1535 multa
503 1471 540 1535 et
559 1464 650 1536 alias
674 1464 806 1536 referre
823 1467 923 1538 solet.
960 1466 1028 1539 Sed
1046 1466 1150 1539 istius
1167 1464 1240 1539 mi
1254 1488 1297 1539 en

167 1609 327 1682 mochone
362 1610 620 1683 interventum·
642 1611 913 1685 multominus·
937 1614 1056 1685 etiam·
1072 1614 1112 1686 in
1141 1612 1298 1685 historiis

166 1780 272 1853 quam
291 1759 330 1830 in
346 1782 451 1832 scena
469 1760 705 1832 excusaveris.
727 1762 816 1832 E'am
828 1778 932 1855 porro
945 1760 1133 1834 reddendae
1142 1760 1299 1833 'rationis

168 1905 331 1996 formam,
365 1907 510 1977 inanem
529 1930 672 2001 prorsus
691 1914 727 1978 et
753 1915 827 1979 tam
847 1908 977 1980 eximlo
1007 1909 1176 2003 scriptore
1204 1908 1299 1980 iudi-

170 2070 301 2145 gnam,··
325 2054 536 2126 confessioni
553 2055 704 2126 similem
723 2054 875 2126 dixerim
903 2056 1056 2127 auctoris
1081 2054 1301 2151 desperantis

171 2220 228 2272 res
247 2225 269 2271 a
286 2222 322 2273 se
353 2201 391 2272 in
410 2203 622 2274 miraculum
647 2204 838 2296 corruptas
865 2212 967 2297 posse
1000 2226 1080 2275 cum
1098 2205 1193 2276 veris
1223 2210 1303 2275 oon-

168 2347 296 2420 eiliari.

218 2591 241 2662 J
244 2615 301 2663 am
319 2591 362 2663 de
381 2599 535 2688 tyranno
557 2593 602 2665 ad
621 2593 785 2665 victimas
808 2600 1031 2665 transeamus
1048 2614 1056 2661 :
1073 2592 1300 2686 quemadmo-

170 2741 256 2811 dum
275 2741 375 2815 illius
400 2741 619 2831 immanitas,
648 2743 698 2813 sic
717 2743 845 2815 harum
863 2741 1041 2836 patientia
1074 2741 1228 2819 omnimo
1247 2740 1302 2813 in-

169 2889 376 2963 credibilis:
413 2914 494 2963 eum
521 2891 703 2977 dominum
731 2891 884 2963 Romani
916 2890 1073 2985 gratuito
1105 2913 1146 2960 ao
1177 2896 1300 2982 sponte

170 3038 366 3111 cervicibus
389 3039 462 3111 suis
480 3039 789 3134 superimponunt,
812 3048 848 3111 et
866 3040 1100 3117 insultantem
1117 3011 1301 3109 retinent:

167 3185 224 3256 illi
243 3208 306 3277 per
324 3191 468 3255 mutuas
498 3184 608 3255 caedes
626 3192 750 3278 sponte
768 3184 1040 3277 gratificantur3
1064 3185 1157 3256 cives
1177 3185 1292 3255 claris

160 3331 265 3421 simi,
298 3331 511 3403 stultissima
539 3331 694 3425 quadam
724 3331 907 3403 servitutis
940 3331 1105 3425 cupidine
1135 3333 1299 3425 correpti,

172 3479 411 3553 delationibus
425 3503 526 3553 suam
544 3480 639 3553 ultro
655 3479 879 3569 nobilitatem
896 3479 1110 3553 dedecorant
1125 3505 1136 3569 3
1170 3481 1301 3574 impro-

174 3627 275 3699 vidos
297 3629 505 3723 plerumque
533 3637 569 3700 et
587 3628 678 3701 nihil
698 3628 828 3699 serium
861 3629 1089 3723 [siquidem
1116 3628 1304 3700 dorsalibus

170 3775 380 3872 credideris)
402 3778 440 3847 in
458 3776 656 3872 prinoipem
677 3775 866 3861 meditatos
890 3777 1105 3849 subvertunt
1115 3798 1125 3862 3
1158 3775 1304 3868 opplen-

192 4160 195 4165 .
222 4107 255 4163 ἰ
276 4101 570 4184 'lilreriumtSejnnus
579 4097 714 4163 devinxit
772 4099 918 4175 efficerem
953 4118 1013 4160 non
1048 4103 1109 4158 tam
1144 4097 1308 4159 solertia...

178 4214 252 4277 adeo
261 4217 296 4273 ut
305 4213 464 4293 obscurum
473 4208 631 4273 adversum
639 4209 714 4289 alios
772 4226 859 4286 ‹puun
879 4208 976 4299 llerun
1001 4207 1043 4297 ira
1061 4207 1094 4267 iu
1114 4225 1176 4317 reip
1196 4206 1310 4267 Roma-

180 4322 236 4383 sini
255 4321 305 4380 erui
326 4320 475 4378 incautum
496 4318 636 4377 iulrcluru
658 4338 715 4395 urus
772 4335 888 4374 nanum.
906 4340 925 4368 a
939 4316 1027 4396 (dun.
1045 4314 1094 4389 lv,
1115 4314 1153 4384 ι.)
