2926 4934
215 304 262 372 po
686 297 732 347 nn
757 296 881 348 ‘rncmo

216 424 343 512 Taciti,
373 446 431 495 eos
456 432 629 518 tanquam
658 421 868 493 vilissimam
898 420 1039 494 demum
1063 423 1284 516 proditorum
1313 447 1355 497 ao

216 573 423 645 sicariorum
457 572 646 644 colluviem
679 574 906 681 contemnas!
939 571 1089 644 Annales
1107 570 1202 642 enim
1229 571 1354 643 miser-

217 715 318 793 rimis
343 718 417 791 illis
440 720 657 814 temporibus
679 718 829 813 speciem
862 718 921 790 vel
946 717 1130 790 foediorem
1151 739 1259 812 quam
1287 717 1357 788 mi·

212 868 382 940 seriorem
409 867 569 939 indidere
590 890 597 938 :
619 867 671 938 ibi
692 889 817 960 nempe
836 865 1006 938 videntur
1024 864 1174 938 Romani
1201 864 1355 959 privatis

215 1008 360 1090 tantum
379 1014 590 1087 libidinibus
610 1015 693 1104 acti,
721 1038 786 1109 per
808 1013 940 1087 scelera
965 1021 1002 1086 et
1028 1012 1200 1086 dedecora
1226 1036 1354 1124 proru-

215 1165 309 1260 pisse
316 1187 326 1255 3
348 1164 519 1235 videntur
545 1171 689 1258 propter
707 1163 889 1259 privatam
919 1163 1034 1235 solum
1065 1162 1256 1254 invidiam,
1283 1185 1356 1236 am-

217 1312 402 1401 bitionem,
436 1310 640 1400 avaritiam,
667 1333 729 1405 per
753 1317 808 1382 tot
831 1333 954 1400 annos,
981 1310 1155 1383 innuente
1180 1319 1351 1407 tyranne,

216 1459 371 1530 fratrum
401 1456 636 1529 innocuorum
662 1456 838 1552 sanguine
874 1478 1002 1528 manus
1033 1479 1116 1528 suas
1148 1457 1351 1553 polluisse:

217 1628 300 1699 ergo
332 1605 502 1676 scelerum
543 1627 659 1676 causae
693 1603 883 1677 sceleribus
915 1603 1000 1697 ipsis
1035 1605 1213 1699 turpiores
1248 1605 1356 1678 exsti·

217 1751 372 1861 tissent?
396 1753 476 1826 Non
504 1753 588 1825 ita:
619 1775 675 1844 ne,
710 1753 877 1841 obtestor,
910 1775 988 1824 eam
1017 1752 1183 1826 humanae
1214 1762 1355 1828 naturae

219 1903 436 1973 calumniam
459 1901 669 1992 inferamus
686 1907 729 1972 ut
747 1897 961 1972 arbitremur
974 1924 1140 1995 magnam
1156 1903 1356 1999 quamlibet
1448 1968 1451 1975 .

219 2057 360 2145 gentem
397 2049 552 2144 potuisse
587 2071 747 2142 unquam
777 2045 954 2140 abjectum
981 2049 1097 2122 nescio
1135 2050 1222 2145 quid
1248 2050 1354 2146 perfi-

219 2197 345 2268 dorum
365 2195 568 2267 carnificum
587 2219 694 2290 pecus
712 2194 800 2267 fieri.

270 2354 404 2426 Multos
422 2353 566 2448 quidem
589 2352 684 2433 cives
702 2353 854 2448 publicae
878 2353 1099 2450 tempestatis
1122 2355 1283 2428 tumultu
1309 2359 1356 2430 ad

220 2502 414 2598 explendas
441 2503 590 2598 propriae
613 2501 782 2573 libidines
800 2502 956 2597 turpiter
983 2503 1109 2574 abusos
1133 2527 1263 2597 negare
1282 2526 1354 2576 non

221 2650 335 2723 ausim
344 2673 354 2740 3
376 2649 414 2721 id
432 2650 526 2721 enim
543 2649 698 2722 maxime
716 2649 918 2722 luctuosum
934 2656 970 2722 et
993 2650 1030 2721 in
1049 2657 1228 2745 posterum
1244 2651 1355 2724 etiam

219 2797 404 2871 exitiabile
423 2797 513 2868 talia
536 2804 697 2892 tempora
717 2797 810 2870 ferre
829 2798 961 2869 solenti
987 2797 1121 2869 Multos
1148 2821 1291 2892 prorsus
1309 2821 1356 2870 ex

220 2947 298 3019 istis
321 2945 553 3036 delatoribus
581 2968 731 3040 quorum
761 2945 994 3040 rapacitatem
1023 2968 1064 3016 ac
1089 2945 1192 3038 ,dolos
1218 2945 1352 3041 quiviS,

221 3102 262 3166 ut
280 3093 438 3183 Tacitus,
460 3099 621 3188 prompte
636 3090 683 3163 sit
696 3099 913 3183 exsecratus
929 3091 1033 3164 malae
1050 3115 1127 3188 spes
1141 3092 1351 3165 elicuerant.

270 3256 396 3328 Nonne
416 3276 499 3325 vero
526 3253 645 3348 plures
668 3253 813 3325 sinceris
840 3276 925 3349 erga
951 3261 1107 3328 veterem
1134 3263 1197 3326 aut
1221 3278 1355 3326 novum

223 3426 342 3476 rerum
375 3409 509 3475 statum
543 3401 671 3474 studiis
701 3404 925 3498 agebantur?
959 3405 1088 3478 Nonne
1118 3397 1354 3499 plurimorum

221 3548 484 3655 eloquentiam,
518 3573 627 3644 quam
663 3550 807 3622 Tacitus
836 3551 911 3646 ipse
940 3551 1085 3623 minime
1121 3549 1356 3647 spernendam

222 3698 401 3770 confessus
425 3703 491 3786 est,
521 3694 643 3788 aliqua
668 3693 773 3765 officii
802 3694 936 3790 privati
960 3696 1019 3768 vel
1049 3698 1185 3792 publici
1217 3697 1352 3793 opinio,

222 3846 316 3918 falsa
351 3844 517 3931 fortasse,
551 3847 646 3912 certe
682 3862 752 3911 non
785 3838 964 3931 indecora,
1002 3843 1263 3916 accendebatI‘?
1298 3847 1357 3918 Ita

261 4160 273 4198 ‘⁴
290 4163 438 4226 Devariis
454 4163 563 4224 civium
584 4162 665 4224 circa
678 4162 765 4225 Prin·
821 4160 968 4240 Cassium,
990 4163 1063 4239 LIII,
1089 4181 1120 4242 p.
1136 4159 1196 4242 496
1220 4161 1273 4243 (de
1288 4162 1357 4224 Au-

224 4272 353 4353 cipatum
389 4269 497 4331 studiis
536 4268 606 4332 vide
638 4268 765 4332 Dionem
820 4271 891 4348 gust
911 4268 932 4350 ).
1009 4322 1011 4327 .
1101 4292 1104 4296 ·
