2926 4934
579 303 681 353 (tinen
708 300 882 355 biennum
1253 308 1298 382 29

213 428 331 514 Quum
351 429 445 500 eirim
473 429 563 500 nihil
591 433 703 524 magis
730 456 835 526 qnam
866 442 1088 530 contemptus
1116 437 1297 509 hominum

162 585 199 648 et
221 577 365 650 assidua
383 576 428 649 de
446 577 592 671 propria
622 578 737 652 salute
765 581 941 674 anxietas,
972 606 1051 656 cum
1076 608 1134 681 spe
1154 608 1298 657 summae

161 723 317 795 fortimae
335 725 463 815 mixta,
485 726 682 820 quemlibet
699 731 913 801 conturbare
932 738 968 802 et
990 731 1215 826 pessumdare
1235 757 1299 804 va-

161 871 249 962 leat,
270 895 331 944 eos
358 896 480 945 sensus
500 874 577 945 vita
604 874 719 947 Rhodi
737 883 817 947 aeta
836 875 960 948 debuit
977 877 1015 948 in
1033 878 1172 950 Tiberio
1192 902 1299 974 quam

162 1019 474 1092 vehementissime
487 1021 642 1094 irritare.
661 1023 863 1118 Perprime
882 1023 977 1096 enim
990 1025 1107 1096 exsilii
1124 1033 1296 1122 tempora,

163 1169 207 1238 ab
227 1169 393 1239 omnibus
411 1193 448 1240 se
466 1170 580 1240 excoli
600 1169 706 1260 vidit,
727 1179 770 1242 ut
790 1172 852 1266 qui
880 1172 1120 1244 Tribunitiam
1144 1181 1299 1268 potesta-

162 1325 233 1389 tem
253 1323 291 1386 et
309 1315 443 1389 famam
462 1315 629 1388 amicitiae
651 1316 806 1409 Augusti
833 1317 943 1388 Roma
969 1318 1187 1389 abstulerat:
1211 1343 1301 1413 qua-

163 1489 242 1541 rum
262 1489 421 1554 munere,
445 1489 566 1539 omnes
585 1465 687 1537 illam
709 1465 887 1559 Principis
913 1466 1016 1559 quasi
1039 1466 1232 1561 imaginem
1250 1492 1302 1540 re-

163 1614 288 1707 ligiose
307 1612 422 1685 vereri
442 1615 653 1685 certabant:
672 1612 755 1683 hino
770 1612 894 1683 sedula
910 1613 1042 1684 civium
1058 1638 1298 1709 romanorum,

165 1760 460 1853 magistratuum,
498 1760 694 1851 legatorum
725 1762 769 1830 ab
796 1761 891 1830 llrbe
920 1760 964 1831 ad
989 1762 1191 1854 provincias
1216 1788 1304 1858 ,prae-

167 1907 474 2002 ternavigantium
494 1907 607 1979 officia
629 1931 637 1976 ι
660 1907 744 1978 hine
770 1908 925 2000 ipsorum
945 1909 1200 1982 Rhodiensium
1219 1936 1305 2004 erga

166 2055 345 2150 insignem
374 2063 545 2127 ettoniae
574 2053 649 2148 spei
677 2052 848 2146 hospitem
879 2054 1117 2146 adulationes
1152 2081 1303 2152 quarum
1375 2025 1379 2031 ι

166 2202 347 2274 servilitas
372 2226 484 2294 usque
512 2201 557 2272 ad
580 2198 828 2273 crudelitatem
855 2200 1002 2294 delapsa
1019 2211 1073 2274 est
1094 2226 1102 2274 :
1125 2206 1304 2298 quondam

166 2353 275 2443 enim,
297 2374 422 2446 quum,
450 2372 556 2422 mane
575 2349 668 2421 diem
686 2349 887 2443 disponens,
908 2350 1131 2443 praedixisset
1143 2375 1180 2432 se
1193 2377 1304 2447 aegros

171 2524 291 2573 omnes
308 2499 456 2571 visitare
478 2499 582 2584 velle,
599 2497 785 2568 confestim
805 2498 1020 2571 Rhodienses
1039 2500 1184 2572 miseros
1209 2502 1300 2589 illos,

169 2648 269 2720 nullo
288 2646 412 2718 habito
435 2644 682 2717 infirmitatum
701 2651 738 2717 et
755 2644 907 2738 periculi
936 2654 1111 2740 respectu,
1142 2647 1305 2718 domibus

109 2863 116 2874 .
170 2798 243 2868 suis
260 2796 300 2869 in
314 2795 495 2890 publicam
517 2794 693 2889 porticum
720 2792 868 2881 delatos,
899 2815 962 2886 per
981 2792 1230 2865 valetudinum
1250 2817 1306 2887 ge·

169 2969 255 3017 nere
272 2941 513 3039 exposuerunt
531 2941 554 3013 ¹.
582 2942 683 3028 Quod
703 2941 844 3034 quidem
865 2941 1003 3013 lachim·
1019 2941 1181 3014 Tiberius
1202 2943 1306 3014 adve-

168 3093 270 3167 niens
303 3091 360 3162 vel
393 3088 600 3162 tenuissimo
629 3087 756 3182 cuique
787 3090 1004 3160 excusavit:
1029 3091 1088 3161 sed
1116 3091 1299 3184 populum,

168 3243 230 3338 qui
249 3241 387 3337 potenti
408 3239 485 3311 viro
506 3237 785 3332 propinquorum
809 3243 846 3307 et
868 3244 1058 3331 parentum
1078 3259 1221 3308 suorum
1241 3238 1304 3309 do-

167 3392 259 3465 lores
279 3393 316 3463 in
339 3389 579 3487 spectaculum
603 3387 697 3457 ultro
727 3393 948 3479 proponeret,
973 3409 1091 3456 nonne
1117 3385 1243 3456 merito
1264 3409 1304 3456 ao

167 3539 364 3614 necessario
384 3537 619 3632 adspernatus
636 3534 717 3605 est?

217 3692 423 3783 Postquam·
445 3709 541 3774 voro,
575 3688 755 3753 transacto
784 3678 973 3751 tribunatu
1002 3689 1200 3776 negatoque
1241 3682 1305 3752 Ro-

168 3863 261 3910 mam
278 3835 395 3906 reditn
415 3855 519 3927 quem
536 3829 804 3924 imploraverat,
830 3828 938 3899 etiam
954 3828 1167 3900 admonitus
1186 3835 1240 3900 est
1259 3829 1304 3898 ab

168 3990 330 4079 Augusto
354 4011 369 4049 a
388 3981 585 4051 dimitteret
604 3999 723 4050 curram
742 3999 862 4046 eorum
883 3999 970 4068 qnos
989 3984 1063 4046 tam
1083 3975 1210 4069 cupide
1225 3975 1304 4045 reli-

211 4285 218 4314 ¹
237 4285 318 4342 Suet.
331 4283 381 4343 Xl.
